% This file was created with JabRef 2.10.
% Encoding: Cp1252


@Electronic{Adlsservicos2014,
  Title                    = {{Category Archives: Manutenç\~ao: Comutadores Cluster. Dispon\'ivel: http://www.adlsservicos.com.br/cat/manutencao-em-geral/}},

  Address                  = {Eletronico},
  Author                   = {Adlsservicos},
  Language                 = {Portugues},
  Month                    = {Dezembro},
  Note                     = {Acesso: Dezembro/2014.},
  Url                      = {http://www.adlsservicos.com.br/cat/manutencao-em-geral/},
  Year                     = {2014},

  Owner                    = {ALAN},
  Timestamp                = {2015.01.29}
}

@Electronic{Anderson2012,
  Title                    = {{Android Kernel versus the Linux Kernel. Dispon\'ivel: http://www.all-things-android.com/content/android-kernel-versus-linux-kernel}},

  Address                  = {Eletronico},
  Author                   = {Anderson Bill},
  Language                 = {Portugues},
  Month                    = {Novembro},
  Note                     = {Acesso: Dezembro/2014.},
  Url                      = {http://www.all-things-android.com/content/android-kernel-versus-linux-kernel},
  Year                     = {2012},

  Owner                    = {ALAN},
  Timestamp                = {2015.01.29}
}

@MastersThesis{Costa2012,
  Title                    = {{Algor\'itmos de Controle Aplicados \`a Estabilizaç\~ao do Voo de um Quadrotor}},
  Author                   = {Costa, E. B},
  School                   = {{Universidade Federalde Juiz de Fora, UFJF}},
  Year                     = {2012},

  Owner                    = {ALAN},
  Timestamp                = {2015.01.29}
}

@Article{Duan2010,
  Title                    = {{New development thoughts on the bioinspired intelligence based control for unmanned combat aerial vehicle}},
  Author                   = {H. Duan and S. Shao and B. Su and L. Zhang},
  Journal                  = {{Sci. China Technol. Sci. 53}},
  Year                     = {2010},
  Pages                    = {{2025\-2031}},
  Volume                   = {8},

  Owner                    = {ALAN},
  Timestamp                = {2015.01.29}
}

@InProceedings{Forster2014,
  Title                    = {SVO: Fast semi-direct monocular visual odometry},
  Author                   = {C. Forster and M. Pizzoli and D. Scaramuzza},
  Booktitle                = {2014 IEEE International Conference on Robotics and Automation (ICRA)},
  Year                     = {2014},
  Month                    = {May},
  Pages                    = {15-22},

  Doi                      = {10.1109/ICRA.2014.6906584},
  ISSN                     = {1050-4729},
  Keywords                 = {autonomous aerial vehicles;control engineering computing;distance measurement;embedded systems;motion estimation;probability;robot vision;stereo image processing;3D points;GPS-denied environments;SVO;consumer laptop;fast semidirect monocular visual odometry;high frame-rate motion estimation;micro-aerial-vehicle state-estimation;onboard embedded computer;open-source software;outlier measurements;pixel intensities;probabilistic mapping method;subpixel precision;Cameras;Feature extraction;Motion estimation;Optimization;Robustness;Three-dimensional displays;Tracking}
}

@Article{Aruco2014,
  Title                    = {Automatic generation and detection of highly reliable fiducial markers under occlusion },
  Author                   = {S. Garrido-Jurado and R. Mu\~noz-Salinas and F.J. Madrid-Cuevas and M.J. Mar\'in-Jim\'enez},
  Journal                  = {Pattern Recognition },
  Year                     = {2014},
  Number                   = {6},
  Pages                    = {2280 - 2292},
  Volume                   = {47},

  Doi                      = {http://dx.doi.org/10.1016/j.patcog.2014.01.005},
  ISSN                     = {0031-3203},
  Owner                    = {alantavares},
  Timestamp                = {2018.05.28},
  Url                      = {http://www.sciencedirect.com/science/article/pii/S0031320314000235}
}

@Electronic{Google2013,
  Title                    = {{About Android. Dispon\'ivel: http://www.android.com/about/}},

  Address                  = {Eletronico},
  Author                   = {Google},
  Language                 = {Ingles},
  Month                    = {Dezembro},
  Note                     = {Acesso: Dezembro/2014.},
  Url                      = {http://www.android.com/about/},
  Year                     = {2013},

  Owner                    = {ALAN},
  Timestamp                = {2015.01.29}
}

@Article{Guo2014,
  Title                    = {{Airborne vision-aided landing navigation system for fixed-wing UAV}},
  Author                   = {Pengyu Guo and Xin Li and Yang Gui},
  Journal                  = {In: 2014 12th International Conference on Signal Processing (ICSP). IEEE,},
  Year                     = {2014},
  Pages                    = {1215 - 1220},
  Volume                   = {1},

  Owner                    = {ALAN},
  Timestamp                = {2015.01.29}
}

@Article{Manika1999,
  Title                    = {{Super Computador a preço de banana}},
  Author                   = {Manika, G.W.},
  Journal                  = {Revista do Linux},
  Year                     = {1999},
  Pages                    = {1},
  Volume                   = {2},

  Owner                    = {ALAN},
  Timestamp                = {2015.01.29}
}

@MastersThesis{Moretti1997,
  Title                    = {{An\'alise de Estruturas Utilizando T\'ecnicas de Processamento Paralelo Distribu\'ido}},
  Author                   = {Celio Oda Moretti},
  School                   = {{Departamento de Engenharia de Estruturas e Fundaç\~oes da Escola Polit\'acnica da Universidade de S\~ao Paulo}},
  Year                     = {1997},

  Owner                    = {ALAN},
  Timestamp                = {2015.01.29}
}

@Article{Raul2016,
  Title                    = {{ORB-SLAM2:} an Open-Source {SLAM} System for Monocular, Stereo and {RGB-D} Cameras},
  Author                   = {Raul Mur{-}Artal and Juan D. Tard{\'{o}}s},
  Journal                  = {CoRR},
  Year                     = {2016},
  Pages                    = {1610.06475},
  Volume                   = {abs/},

  Archiveprefix            = {arXiv},
  Bibsource                = {dblp computer science bibliography, https://dblp.org},
  Biburl                   = {https://dblp.org/rec/bib/journals/corr/Mur-ArtalT16a},
  Eprint                   = {1610.06475},
  Timestamp                = {Wed, 07 Jun 2017 14:42:10 +0200},
  Url                      = {http://arxiv.org/abs/1610.06475}
}

@MastersThesis{Santos2014,
  Title                    = {{Controle Tolerante a Falhas de um Sistema de Propuls\~ao de Hexac\'opteros}},
  Author                   = {{Santos, M. F. dos}},
  School                   = {{Universidade Federalde Juiz de Fora, UFJF}},
  Year                     = {2014},

  Owner                    = {ALAN},
  Timestamp                = {2014.10.23}
}

@InCollection{SCAI-GMD1995,
  Title                    = {Research Area - Parallel Computing},
  Author                   = {SCAI-GMD},
  Booktitle                = {Institute for Algorithms and Scientific Computing (SCAI)},
  Publisher                = {Germany's National Research Center for Information Technology (GMD)},
  Year                     = {1995},
  Volume                   = {1},

  Journal                  = {Institute for Algorithms and Scientific Computing (SCAI) do Germany's National Research Center for Information Technology (GMD)},
  Owner                    = {ALAN},
  Timestamp                = {2015.01.29}
}

@Article{Shakernia2002,
  Title                    = {Multiple view motion estimation and control for landing an unmanned aerial vehicle},
  Author                   = {O. Shakernia and R. Vidal and C.S. Sharp and Y. Ma and S. Sastry},
  Journal                  = {In: Proceedings of IEEE International Conference on Robotics and Automation, Washington, DC},
  Year                     = {2002},
  Pages                    = {2798},
  Volume                   = {2793},

  Owner                    = {ALAN},
  Timestamp                = {2015.01.29}
}

@Electronic{Techtudo2018,
  Title                    = {{Simulaç\~ao de Delivery com Drone ocorre pela primeira vez no Brasil. Dispon\'ivel: http://www.adlsservicos.com.br/cat/manutencao-em-geral/}},

  Address                  = {Eletronico},
  Author                   = {Techtudo},
  Language                 = {Portugues},
  Month                    = {Maio},
  Note                     = {Acesso: Maio/2018.},
  Url                      = {https://www.techtudo.com.br/noticias/2018/05/simulacao-de-delivery-com-drones-ocorre-pela-primeira-vez-no-brasil.ghtml},
  Year                     = {2018},

  Owner                    = {ALAN},
  Timestamp                = {2015.01.29}
}

@Article{Vidal2016,
  Title                    = {{Controle de Pouso de Ve\'iculo Quadrotor Auxiliado por Vis\~ao Computacional}},
  Author                   = {Vinicius Ferreira Vidal},
  Journal                  = {{Trabalho de Conclus\~ao de Curso do curso de graduaç\~ao de Engenharia El\'etrica}. Universidade Federal de Juiz de Fora},
  Year                     = {2016},
  Pages                    = {{1}},
  Volume                   = {1},

  Owner                    = {ALAN},
  Timestamp                = {2015.01.29}
}

