@phdthesis{Santos1997,
	author = {dos Santos, Melquisedec Francisco},
	file = {:C$\backslash$:/Users/User/Dropbox/Jonatha/Mestrado/Tese/Artigos/Santos, Melquisedec Francisco dos.pdf:pdf},
	pages = {101},
	school = {University of Campinas},
	title = {{Efeitos T{\'{e}}rmicos em Mancais Segmentados}},
	year = {1997}
}

@phdthesis{Rodrigues2013,
	author = {Rodrigues, Alex De Souza},
	file = {:C$\backslash$:/Users/User/Dropbox/Jonatha/Mestrado/Tese/Artigos/RodriguesAlexdeSouza{\_}M.pdf:pdf},
	pages = {110},
	school = {University of Campinas},
	title = {{An{\'{a}}lise din{\^{a}}mica e balanceamento de virabrequins leves de motores An{\'{a}}lise din{\^{a}}mica e balanceamento de virabrequins leves de motores}},
	year = {2013}
}


@book{frene1997,
	title={Hydrodynamic Lubrication: Bearings and Thrust Bearings},
	author={Frene, J. and Nicolas, D. and Degueurce, B. and Berthe, D. and Godet, M.},
	isbn={9780080534312},
	lccn={97044633},
	series={Tribology and Interface Engineering},
	url={https://books.google.com.br/books?id=3Y-OIBGKs9gC},
	year={1997},
	publisher={Elsevier Science}
}

@article{Ligier2015,
	author = {Ligier, J. and Noel, B.},
	journal = {Lubricants},
	pages = {569-596},
	title = {{Friction Reduction and Reliability for Engines Bearings}},
	year = {2015}
}

@article{Holmberg2012,
	author = {Holmberg, K. and Andersson, P. and Erdemir, A.},
	journal = {Tribology International},
	pages = {221–234}
	title = {{Global energy consumption due to friction in passenger cars}},
	year = {2012}
}


@article{Tala-Ighil2015,
	abstract = {Journal bearing characteristics modellization has been investigated in this paper for both cases of texture presence or absence onto the bearing surface. The thermal effect has been studied. The used numerical approach in this analysis is finite difference method. The textured bearing performance enhancement passes essentially by a minimum film thickness and a friction torque improvement through an appropriate surface texture geometry and right texture distribution on the bearing surface. It is found that the simulations results are in good concordance with those issued from the literature. The obtained results by considering the temperature effect are more realistic.},
	author = {Tala-Ighil, Nacer and Fillon, Michel},
	doi = {10.1016/j.triboint.2015.02.032},
	file = {:C$\backslash$:/Users/User/AppData/Local/Mendeley Ltd./Mendeley Desktop/Downloaded/Tala-Ighil, Fillon - 2015 - A numerical investigation of both thermal and texturing surface effects on the journal bearings static chara.pdf:pdf},
	isbn = {0301679X},
	issn = {0301679X},
	journal = {Tribology International},
	keywords = {Hydrodynamic lubrication,Journal bearings,Stribeck curve,Texture},
	pages = {228--239},
	publisher = {Elsevier},
	title = {{A numerical investigation of both thermal and texturing surface effects on the journal bearings static characteristics}},
	url = {http://dx.doi.org/10.1016/j.triboint.2015.02.032},
	volume = {90},
	year = {2015}
}


@article{Stieber1933,
	author = {Stieber, W. Das},
	journal = {VDI- Verlag GMbH},
	title = {{Das Schwimmlager: Hydrodynamische Theorie des Gleitlagers.}},
	year = {1933}
}

@article{Swift1932,
	author = {Swift, H.},
	journal = {Proceedings of Institution of Civil Engineers (Lond.)},
	pages = {267–288},
	title = {{The stability of lubricating films in journal bearings. Proceedings}},
	volume = {233},
	year = {1932}
}

@article{Gumbel1914,
	author = {Gumbel, L.},
	journal = {Mon. Berl. Bezirksverein},
	pages = {87–104 and 109–120},
	title = {{Das problem der lagerreibung}},
	volume = {5},
	year = {1914}
}


@book{jakobsson1957,
	title={The finite journal bearing, considering vaporization: (Das Gleitlager von endlicher Breite mit Verdampfung).},
	author={Jakobsson, B. and Floberg, L.},
	series={Chalmers Tekniska H{\"o}gskolas Handlingar},
	url={https://books.google.com.br/books?id=VR5tmQEACAAJ},
	year={1957}
}

@book{olsson1965,
	title={Cavitation in Dynamically Loaded Bearings},
	author={Olsson, K.O.},
	series={Avd. maskinteknik},
	url={https://books.google.com.br/books?id=FrRDHQAACAAJ},
	year={1965},
	publisher={Scandinavian University Books}
}

@INPROCEEDINGS{Elrod1974,
	author = {Elrod, H.G. and Adams, M.L.},
	title = {A computer program for cavitation and starvation problems},
	pages = {37-41},
	series = {Cavitation and related phenomena in lubrication. London, UK: Mechanical Engineering Publication},
	year = {1974},
}

@book{Hamrock2004,
	title={Fundamentals of Fluid Film Lubrication},
	author={Hamrock, B.J. and Schmid, S.R. and Jacobson, B.O.},
	isbn={9780203021187},
	lccn={2004555403},
	series={Mechanical engineering},
	url={https://books.google.com.br/books?id=s\_sTzyB2QmYC},
	year={2004},
	publisher={CRC Press}
}

@INPROCEEDINGS{Hertz1881,
	author = {Hertz, H.},
	title = {On the Contact of Elastic Solids},
	pages = {156-171},
	volume = {92},
	series = {J. Reine Angew. Math.},
	year = {1881},
}

@article{Adjemout2014,
annote = {• Efeitos do processo de fabrica{\c{c}}{\~{a}}o e influ{\^{e}}ncia da geometria final real dos sulcos na performace de selo mec{\^{a}}nico com superf{\'{i}}cie texturizada
• Superf{\'{i}}cie {\'{e}} criada e implementada em um modelo de lubrifica{\c{c}}{\~{a}}o HD
• A influ{\^{e}}ncia dos diferentes tipos de defeito {\'{e}} estudada
• Existe um limite no qual as imperfei{\c{c}}{\~{o}}es acabam com os efeitos positivos da texturiza{\c{c}}{\~{a}}o
• O controle do formato dos sulcos {\'{e}} importante quando realizada a texturiza{\c{c}}{\~{a}}o superficial
• Altura e orienta{\c{c}}{\~{a}}o da rugosidade no fundo dos sulcos tem impacto significativo no vazamento (leakage)
• Aumentar o raio de curvatura do canto dos tri{\^{a}}ngulos dos sulcos aumenta o vazamento e o atrito
• Aumenta na curvatura dos tri{\^{a}}ngulos afeta o efeito de bombeamento, levando ao aumento do vazamento e do atrito.},
author = {Adjemout, M. and Andrieux, A. and Bouye, J. and Bruneti{\`{e}}re, N. and Marcos, G. and Czerwiec, T.},
file = {:C$\backslash$:/Users/User/AppData/Local/Mendeley Ltd./Mendeley Desktop/Downloaded/Adjemout et al. - 2014 - Influence of the real dimple shape on the performance of a surface textured mechanical seal.pdf:pdf},
journal = {Futuroscope},
keywords = {Dimples,Experimental,HD,Texturing,d{\'{e}}fauts de surface,garniture m{\'{e}}canique,hydrodynamic lubrication,lubrification hydrodynamique,mechanical seal,mots cl{\'{e}}s,surface defect,surface texturing,texturation de surface},
mendeley-tags = {Dimples,Experimental,HD,Texturing},
title = {{Influence of the real dimple shape on the performance of a surface textured mechanical seal}},
year = {2014}
}
@article{Anno1969,
author = {Anno, J. N. and Walowit, J. a. and Allen, C. M.},
doi = {10.1115/1.3555030},
file = {:C$\backslash$:/Users/User/AppData/Local/Mendeley Ltd./Mendeley Desktop/Downloaded/Anno, Walowit, Allen - 1969 - Load Support and Leakage from Microasperity-Lubricated Face Seals.pdf:pdf},
isbn = {0022-2305},
issn = {00222305},
journal = {Journal of Lubrication Technology},
number = {4},
pages = {726},
title = {{Load Support and Leakage from Microasperity-Lubricated Face Seals}},
url = {http://tribology.asmedigitalcollection.asme.org/article.aspx?articleid=1461712},
volume = {91},
year = {1969}
}
@article{Anno1968,
author = {Anno, J. N. and Walowit, J. a. and Allen, C. M.},
doi = {10.1115/1.3601568},
file = {:C$\backslash$:/Users/User/AppData/Local/Mendeley Ltd./Mendeley Desktop/Downloaded/Anno, Walowit, Allen - 1968 - Microasperity Lubrication.pdf:pdf},
issn = {00222305},
journal = {Journal of Lubrication Technology},
number = {2},
pages = {351},
title = {{Microasperity Lubrication}},
volume = {90},
year = {1968}
}
@article{Araujo2004,
annote = {• Melhorar a condi{\c{c}}{\~{a}}o de lubrifiica{\c{c}}{\~{a}}o
• Cada sulco funcionar{\'{a}} como reservat{\'{o}}rio de lubrificante
• Resist{\^{e}}ncia ao "scuffing" foi aumentada
• Melhoria no desgaste
• A densidade de sulcos tem influ{\^{e}}ncia na resist{\^{e}}ncia ao "scuffing"},
author = {Araujo, J. A. and Cassino, F. S. L. and da Costa, A. R.},
file = {:C$\backslash$:/Users/User/AppData/Local/Mendeley Ltd./Mendeley Desktop/Downloaded/Araujo, Cassino, Costa - 2004 - Texturiza{\c{c}}{\~{a}}o por Laser ND YAG e comportamento tribol{\'{o}}gico de um recobrimento de cromo.pdf:pdf},
keywords = {chromium eletro-deposited,layer,nd,pin-on-disc test,scuffing,yag laser},
number = {1},
pages = {11--18},
title = {{Texturiza{\c{c}}{\~{a}}o por Laser ND : YAG e comportamento tribol{\'{o}}gico de um recobrimento de cromo}},
volume = {57},
year = {2004}
}
@article{Arslan2015,
annote = {• Experimentos foram realizados para determinar a rela{\c{c}}{\~{a}}o entre a profundidade 
e o di{\^{a}}metro dos sulcos na perfomace tribologica de um "amorphous hydrogenated diamond-like carbon"
• O di{\^{a}}metro de 100 micrometros e profundidade de 6 tiveram melhores resultados, 
provavelmente pela forma{\c{c}}{\~{a}}o de micro-reservat{\'{o}}rios de lubrificante na superf{\'{i}}cies e remo{\c{c}}{\~{a}}o de particulas de desgaste
• O di{\^{a}}metro {\'{o}}timo do sulco depende da largura do contato
• A resist{\^{e}}ncia ao desgaste se d{\'{a}} pela habilidade dos sulcos de capturar part{\'{i}}culas
• Aumentar a profundidade do sulco diminui as propriedades tribologicas, j{\'{a}} que o lubrificante preso nos sulcos 
tem seu efeito reduzido.},
author = {Arslan, A. and Masjuki, H.H. and Varman, M. and Kalam, M.A. and Quazi, M.M. and {Al Mahmud}, K.A.H. and Gulzar, M. and Habibullah, M.},
doi = {10.1016/j.apsusc.2015.08.194},
file = {:C$\backslash$:/Users/User/AppData/Local/Mendeley Ltd./Mendeley Desktop/Downloaded/Arslan et al. - 2015 - Effects of texture diameter and depth on the tribological performance of DLC coating under lubricated sliding con.pdf:pdf},
issn = {01694332},
journal = {Applied Surface Science},
keywords = {Dimples,Experimental,Texturing,amorphous hydrogenated dlc coating,coefficient of friction,laser surface texturing},
mendeley-tags = {Dimples,Experimental,Texturing},
pages = {1135--1149},
publisher = {Elsevier B.V.},
title = {{Effects of texture diameter and depth on the tribological performance of DLC coating under lubricated sliding condition}},
url = {http://linkinghub.elsevier.com/retrieve/pii/S0169433215020188},
volume = {356},
year = {2015}
}
@article{Ausas2009,
abstract = {A numerical algorithm for fully dynamical lubrication problems based on the Elrod–Adams formulation of the Reynolds equation with mass-conserving boundary conditions is described. A simple but effective relaxation scheme is used to update the solution maintaining the complementarity conditions on the variables that represent the pressure and fluid fraction. The equations of motion are discretized in time using Newmark's scheme, and the dynamical variables are updated within the same relaxation process just mentioned. The good behavior of the proposed algorithm is illustrated in two examples: an oscillatory squeeze flow (for which the exact solution is available) and a dynamically loaded journal bearing. This article is accompanied by the ready-to-compile source code with the implementation of the proposed algorithm.},
annote = {• Uso do modelo Elrod Adam para simular problemas de cavita{\c{c}}{\~{a}}o sob lubrifica{\c{c}}{\~{a}}o hidrodin{\^{a}}mica
• Modelo pode ser entendido como um conjuntos de condi{\c{c}}{\~{o}}es de contorno com conserva{\c{c}}{\~{a}}o de massa para a eq. de Reynolds
• Essas condi{\c{c}}{\~{o}}es s{\~{a}}o geralmente chamadas de condi{\c{c}}{\~{o}}es de contorno de JFO (Jacobson, Floberg e Olsson)
• Cita Ausas e diz que para mancais micro texturizados utilizar o modelo de convers{\~{a}}o de massa {\'{e}} obrigat{\'{o}}rio
• O modelo com conserva{\c{c}}{\~{a}}o tamb{\'{e}}m {\'{e}} crucial para efeitos transi{\^{e}}ntes
• O algoritmo est{\'{a}} dispon{\'{i}}vel no artigo (procurar o c{\'{o}}digo)
• Buscaglia da USP participou do artigo},
author = {Ausas, R. F. and Jai, M. and Buscaglia, G. C.},
doi = {10.1115/1.3142903},
file = {:C$\backslash$:/Users/User/AppData/Local/Mendeley Ltd./Mendeley Desktop/Downloaded/Ausas, Jai, Buscaglia - 2009 - A Mass-Conserving Algorithm for Dynamical Lubrication Problems With Cavitation.pdf:pdf},
issn = {07424787},
journal = {Journal of Tribology},
keywords = {adams model,buscaglia,cavitation,dynamical lubrication,elrod,flow,gustavo c,journal bearings,oscillatory squeeze},
number = {3},
pages = {031702},
title = {{A Mass-Conserving Algorithm for Dynamical Lubrication Problems With Cavitation}},
volume = {131},
year = {2009}
}
@article{Ausas2007,
annote = {• Estudar o impacto do modello em mancais lubrificados
• Compara modelo de Reynolds com Elrod e Adams
• Modelo de Reynolds {\'{e}} preferido por ser mais facilmente implementav{\'{e}}l numericamente
• O modelo de Reynolds n{\~{a}}o se comporta bem com superf{\'{i}}cies texturizadas, subestimando as {\'{a}}reas de cavita{\c{c}}{\~{a}}o
• Apenas modelos com conserva{\c{c}}{\~{a}}o de massa devem ser usados para superf{\'{i}}cies micro-texturizadas
• A diferen{\c{c}}a dos dois modelos {\'{e}} a predi{\c{c}}{\~{a}}o da "re-forma{\c{c}}{\~{a}}o" da camada contorno
• Gauss–Seidel foi usado para tratar a n{\~{a}}o lineariedade das equa{\c{c}}{\~{o}}es
• Algoritmo no artigo},
author = {Ausas, R. and Ragot, P. and Leiva, J. and Jai, M. and Bayada, G. and Buscaglia, G. C.},
doi = {10.1115/1.2768088},
file = {:C$\backslash$:/Users/User/AppData/Local/Mendeley Ltd./Mendeley Desktop/Downloaded/Ausas et al. - 2007 - The Impact of the Cavitation Model in the Analysis of Microtextured Lubricated Journal Bearings.pdf:pdf},
issn = {07424787},
journal = {Journal of Tribology},
keywords = {cavitation,elrod and adams,journal bearings,lubrication,microtextures,model,reynolds},
number = {4},
pages = {868},
title = {{The Impact of the Cavitation Model in the Analysis of Microtextured Lubricated Journal Bearings}},
volume = {129},
year = {2007}
}
@article{Berthe1973,
author = {Berthe, D. and Godet, M.},
file = {:C$\backslash$:/Users/User/AppData/Local/Mendeley Ltd./Mendeley Desktop/Downloaded/Berthe, Godet - 1973 - A more general form of reynolds to rough surfaces equation-application.pdf:pdf},
journal = {Wear},
pages = {345--357},
title = {{A more general form of reynolds to rough surfaces equation-application}},
volume = {27},
year = {1973}
}
@article{Bertocchi2013,
annote = {• Formula{\c{c}}{\~{a}}o com conserva{\c{c}}{\~{a}}o de massa {\'{e}} proposta baseada na eq. de Reynolds
• Raz{\~{a}}o do filme lubrificante e a largura do contato devem ser pequenas e o n{\'{u}}mero de Reynolds tamb{\'{e}}m
• Algoritmo em elementos finitos
• Metodologia {\'{e}} aplic{\'{a}}vel a qualquer problema HD transiente com cavita{\c{c}}{\~{a}}o},
author = {Bertocchi, L. and Dini, D. and Giacopini, M. and Fowell, M. T. and Baldini, A.},
doi = {10.1016/j.triboint.2013.05.018},
file = {:C$\backslash$:/Users/User/AppData/Local/Mendeley Ltd./Mendeley Desktop/Downloaded/Bertocchi et al. - 2013 - Fluid film lubrication in the presence of cavitation a mass-conserving two-dimensional formulation for compres.pdf:pdf},
issn = {0301679X},
journal = {Tribology International},
keywords = {CFD,Cavitation,HD,JFO,hydrodynamic lubrication,linear complementarity problem,non-Newtonian},
mendeley-tags = {CFD,Cavitation,HD,JFO,non-Newtonian},
pages = {61--71},
title = {{Fluid film lubrication in the presence of cavitation: a mass-conserving two-dimensional formulation for compressible, piezoviscous and non-Newtonian fluids}},
url = {http://linkinghub.elsevier.com/retrieve/pii/S0301679X13002211},
volume = {67},
year = {2013}
}
@article{Bi2015,
author = {Bi, Fengrong and Shao, Kang and Liu, Changwen and Wang, Xia and Zhang, J.},
doi = {10.3901/CJME.2015.0228.020},
file = {:C$\backslash$:/Users/User/AppData/Local/Mendeley Ltd./Mendeley Desktop/Downloaded/Bi et al. - 2015 - Analysis of thermoelastohydrodynamic performance of journal misaligned engine main bearings.pdf:pdf},
issn = {1000-9345},
journal = {Chinese Journal of Mechanical Engineering},
keywords = {finite difference methods,journal misaligned,main bearings,oil film pressure,reynolds equation,tehd,thermoelastohydrodynamic},
number = {3},
pages = {511--520},
title = {{Analysis of thermoelastohydrodynamic performance of journal misaligned engine main bearings}},
url = {http://link.springer.com/10.3901/CJME.2015.0228.020},
volume = {28},
year = {2015}
}
@article{Braun2014,
annote = {• Experimento
• Experimentos com sulcos de diferentes tamanhos, para lubrifica{\c{c}}{\~{a}}o em regime misto
• Experimentos com lubrificante em 50 e 100C
• Dependencia n{\~{a}}o linear do coeficiente de atrito e o di{\^{a}}metro da textura, a velocidade de deslizamento e a temperatura do {\'{o}}leo (viscosidade).
• Redu{\c{c}}{\~{a}}o de at{\'{e}} 80{\%} para um di{\^{a}}metro {\'{o}}timo em algumas velocidades de opera{\c{c}}{\~{a}}o
• A maior redu{\c{c}}{\~{a}}o de atrito depende altamente da temperatura do {\'{o}}leo},
author = {Braun, D. and Greiner, C. and Schneider, Johannes and Gumbsch, Peter},
doi = {10.1016/j.triboint.2014.04.012},
file = {:C$\backslash$:/Users/User/AppData/Local/Mendeley Ltd./Mendeley Desktop/Downloaded/Braun et al. - 2014 - Efficiency of laser surface texturing in the reduction of friction under mixed lubrication.pdf:pdf},
issn = {0301679X},
journal = {Tribology International},
keywords = {Experimental,LST,Laser surface texturing,Mixed,Mixed lubrication,Size effects,Surface engineering,Texturing},
mendeley-tags = {Experimental,LST,Mixed,Texturing},
pages = {142--147},
publisher = {Elsevier},
title = {{Efficiency of laser surface texturing in the reduction of friction under mixed lubrication}},
url = {http://linkinghub.elsevier.com/retrieve/pii/S0301679X14001443},
volume = {77},
year = {2014}
}
@article{Brizmer2012,
abstract = {The potential use of laser surface texturing (LST) in hydrodynamic journal bearings is examined theoretically. The regular surface texture has the form of micro-dimples with preselected diameter, depth, and area density. It can be applied to only a certain portion of the bearing perimeter (partial LST) or the full bearing perimeter (full LST). The effect of such a texture on load capacity and on the attitude angle of the journal bearing is investigated in the present work. The optimum parameters of the dimples and favorable LST mode for maximum load capacity have been found.},
annote = {• Exame te{\'{o}}rico do potencial de uso de LST em mancais journal
• Par{\^{a}}metros {\'{o}}timos para os sulcos e mode LST que oferece melhor capacidade de carga foram encontrados
• Efeito turbulento na regi{\~{a}}o de lubrifica{\c{c}}{\~{a}}o dos mancais (whirl)
• Proprieddes para full LST pioram a capacidade de carga
• LST parcial melhora a capacidade de carga para baixas excentricidades, mas para altas excentricidades, n{\~{a}}o h{\'{a}} melhoras significativas},
author = {Brizmer, V. and Kligerman, Y.},
doi = {10.1080/05698190490426007},
file = {:C$\backslash$:/Users/User/AppData/Local/Mendeley Ltd./Mendeley Desktop/Downloaded/Brizmer, Kligerman - 2012 - A Laser Surface Textured Journal Bearing.pdf:pdf},
isbn = {1040-2004},
issn = {1040-2004},
journal = {Journal of Tribology},
keywords = {HD,Journal Bearing,LST,Partial Texturing,Texturing,Theoretical,Total Texturing,hydrodynamic lubrication,journal bearings,laser surface texturing,load capacity},
mendeley-tags = {HD,Journal Bearing,LST,Partial Texturing,Texturing,Theoretical,Total Texturing},
title = {{A Laser Surface Textured Journal Bearing}},
url = {http://www.tandfonline.com/doi/full/10.1080/05698190490426007$\backslash$nhttp://www.tandfonline.com/doi/abs/10.1080/05698190490426007},
volume = {134},
year = {2012}
}
@article{Brizmer2003,
abstract = {The potential use of a new technology of laser surface textur- ing (LST) in parallel thrust bearings is theoretically investigated. The surface texture has the form of micro-dimples with pre-select- ed diameter, depth, and area density. It can be applied to only a portion of the bearing area (partial LST) or the full bearing area (full LST). Optimum parameters of the dimples, and best LST mode, are found in order to obtain maximum load carrying capac- ity for a thrust bearing having parallel mating surfaces. A com- parison is made with optimum linear and stepped sliders showing that parallel LST sliders can provide similar load carrying capacity.},
annote = {• Micro sulcos com di{\^{a}}metro, profundidade e densidade pr{\'{e}} determinadas
• Texturiza{\c{c}}{\~{a}}o parcial ou total
• Par{\^{a}}metros {\'{o}}timos s{\~{a}}o encontrados para m{\'{a}}xima capacidade de carga em thrust bearings com faces paralelas coincidentes
• Compara{\c{c}}{\~{a}}o entre deslizamento linear e stepped
• Obetivo {\'{e}} analisar os efeitos de texturiza{\c{c}}{\~{a}}o parcial e total e definir qual o melhor (p/ thrust bearing)
• Condi{\c{c}}{\~{a}}o de contorno de Reynolds!!!
• Profundidade do sulco deve ser aproximadamente a mesma que a espessura do filme para uma melhor performace},
author = {Brizmer, V. and Kligerman, Y. and Etsion, I.},
doi = {10.1080/05698190490426007},
file = {:C$\backslash$:/Users/User/AppData/Local/Mendeley Ltd./Mendeley Desktop/Downloaded/Brizmer, Kligerman, Etsion - 2003 - A Laser Surface Textured Parallel Thrust Bearing.pdf:pdf},
issn = {1040-2004},
journal = {Tribology Transactions},
keywords = {bearings,hydrodynamic bearings,parallel,slider bearings,sliders,surface texturing},
number = {3},
pages = {397--403},
title = {{A Laser Surface Textured Parallel Thrust Bearing}},
url = {http://www.tandfonline.com/doi/full/10.1080/05698190490426007$\backslash$nhttp://www.tandfonline.com/doi/abs/10.1080/05698190490426007},
volume = {46},
year = {2003}
}
@article{Brunetiere2012,
abstract = {This paper presents a numerical study of the behavior of a mechanical seal with textured surfaces. It is used to analyze the mechanisms underlying the enhancement of the hydrodynamic lift associated with surface texture in mechanical seals. The model solves the Reynolds equation coupled with a mass-conservative cavitation algorithm and takes into account asperity contact. It is shown that, unlike rough-textured surfaces, smooth-textured surfaces are unable to generate a load. The performance of two rough surfaces are compared with those of the same surfaces equipped with dimples. The effect of texture density and aspect ratio are studied as well. {\textcopyright} 2012 Elsevier Ltd. All rights reserved.},
annote = {• Reynolds com algoritmo de converva{\c{c}}{\~{a}}o de massa e contato de asperezas
• Eq. Isot{\'{e}}rmica de Reynolds
• Modelo de contato deterministico de Hertz
• Superf{\'{i}}cie rugosas com sulcos apresentam redu{\c{c}}{\~{a}}o no atrito (caso mais realista)
• Superf{\'{i}}cies lisas com sulcos n{\~{a}}o geram for{\c{c}}a suficiente para separar as superf{\'{i}}cies.
• Densidade de sulcos acima de 0.1 e aspect ratio maior que 0.04 geram menor atrito
• aspect ratio menor gera menor velocidade de transi{\c{c}}{\~{a}}o do regime misto e o hidrodin{\^{a}}mico.
• O efeito no leakage depende altamente da superf{\'{i}}cie.},
author = {Bruneti{\`{e}}re, No{\"{e}}l and Tournerie, Bernard},
doi = {10.1016/j.triboint.2012.01.003},
file = {:C$\backslash$:/Users/User/AppData/Local/Mendeley Ltd./Mendeley Desktop/Downloaded/Bruneti{\`{e}}re, Tournerie - 2012 - Numerical analysis of a surface-textured mechanical seal operating in mixed lubrication regime.pdf:pdf},
issn = {0301679X},
journal = {Tribology International},
keywords = {Mechanical seal,Mixed,Mixed lubrication,Numerical analysis,Seals,Surface texture,Texturing,Theoretical},
mendeley-tags = {Mixed,Seals,Texturing,Theoretical},
pages = {80--89},
title = {{Numerical analysis of a surface-textured mechanical seal operating in mixed lubrication regime}},
volume = {49},
year = {2012}
}
@article{Chan2014,
annote = {• M{\'{e}}todo paralelo iterativo de over-relaxa{\c{c}}{\~{a}}o sucessiva "Red-Black"
• Esquema computacional multithreaded para OpenMP
• O esquema permite a constru{\c{c}}{\~{a}}o de malhas de alta densidade
• O tempo de processamento {\'{e}} menor para o m{\'{e}}todo RBSOR que para o SOR (onde mostra???)
• Mancais com ranhura tipo dente suportam mais carga de fluido que mancais com ranhuras retangulares, especialmente para raios de excentricidade grande},
author = {Chan, Chia-Wen and Han, Yan-Feng and Wang, Zhanjiang and Wang, Jiaxu and Shi, Fanghui and Wang, Nenzi and Wang, Q Jane},
doi = {10.1080/10402004.2013.863987},
file = {:C$\backslash$:/Users/User/AppData/Local/Mendeley Ltd./Mendeley Desktop/Downloaded/Chan et al. - 2014 - Exploration on a Fast EHL Computing Technology for Analyzing Journal Bearings with Engineered Surface Textures.pdf:pdf},
isbn = {1040-2004},
issn = {1040-2004},
journal = {Tribology transactions},
keywords = {Dimples,EHD,Journal Bearing,Texturing,Theoretical,computing,elastohydrodynamic lubrication,journal bearing,openmp,parallel,surface textures},
mendeley-tags = {Dimples,EHD,Journal Bearing,Texturing,Theoretical},
number = {2},
pages = {206--215},
title = {{Exploration on a Fast EHL Computing Technology for Analyzing Journal Bearings with Engineered Surface Textures}},
volume = {57},
year = {2014}
}
@article{Checo2016,
author = {Checo, H. M. and Jaramillo, A. and Ausas, R. F. and Buscaglia, G. C.},
doi = {10.1016/j.triboint.2015.12.030},
file = {:C$\backslash$:/Users/User/AppData/Local/Mendeley Ltd./Mendeley Desktop/Downloaded/Checo et al. - 2016 - The lubrication approximation of the friction force for the simulation of measured surfaces.pdf:pdf},
issn = {0301679X},
journal = {Tribology International},
keywords = {Friction force,Honed surface,Hydrodynamic lubrication,Mass-conservative model,Measured-surface simulation},
publisher = {Elsevier},
title = {{The lubrication approximation of the friction force for the simulation of measured surfaces}},
url = {http://linkinghub.elsevier.com/retrieve/pii/S0301679X15005988},
year = {2016}
}
@article{Cupillard2010,
author = {Cupillard, S. and Glavatskih, S. and Cervantes, M. J.},
doi = {10.1243/13506501JET697},
file = {:C$\backslash$:/Users/User/AppData/Local/Mendeley Ltd./Mendeley Desktop/Downloaded/Cupillard, Glavatskih, Cervantes - 2010 - Inertia effects in textured hydrodynamic contacts.pdf:pdf},
issn = {1350-6501},
journal = {Proceedings of the Institution of Mechanical Engineers, Part J: Journal of Engineering Tribology},
keywords = {fore-region,hydrodynamic contacts,inertia effects,textured surface},
number = {8},
pages = {751--756},
title = {{Inertia effects in textured hydrodynamic contacts}},
url = {http://pij.sagepub.com/lookup/doi/10.1243/13506501JET697},
volume = {224},
year = {2010}
}
@article{Cupillard2008,
abstract = {It is widely assumed that the presence of air bubbles in the lubricating oil of a hydrodynamic bearing gives rise to a reduced load-carrying capacity, because of the high compressibility and low viscosity of the air and its tendency, therefore, to upset the hydrodynamic effect. The aim of the work described in the current paper was to investigate the accuracy of this assumption by theoretical and experimental means, and also to provide quantitative data relating to the concentration of air bubbles and their size that are required for any discernible effect.The paper has the following three main contributions: (a) a theoretical model based on Reynolds equation, but modified to allow for the effect of aeration on lubricant viscosity and density, is proposed; (b) a novel method of injecting air bubbles into lubricating oil and for measuring their size and concentration was developed; and (c) an experimental hydrodynamic bearing test rig was implemented and run with both aerated and non-aerated lubricating oil, and in each case measurements of the load-carrying capacity for various operating speeds were made.The results from both theoretical and experiment work show that the presence of air bubbles in the lubricating oil leads to a slight decrease in bearing load-carrying capacity at high operating speeds. For normal operating speeds, however, (i.e. those resulting in eccentricity ratios greater than 0.6) results show that the presence of air bubbles has little effect on bearing load-carrying capacity.},
annote = {• CFD - eq. de Navier-Stokes completa
• Regime permanente
• Modelo multif{\'{a}}sico de cavita{\c{c}}{\~{a}}o
• Determinar o efeito da textura superficial em lubrifica{\c{c}}{\~{a}}o HD na capacidade de carga e atrito
• Excetricidade {\'{e}} importante e depende da carga externa aplicada
• {\'{E}} poss{\'{i}}vel fazer um design que, para uma faixa de excentricidades, tenha uma capacidade de carga melhorada sob lubrifica{\c{c}}{\~{a}}o HD
• Coeficiente de atrito {\'{e}} reduzido para sulcos profundos localizados nas regi{\~{o}}es de m{\'{a}}xima press{\~{a}}o, quando em altas excentricidade e para sulcos rasos nas zonas downstream do filme m{\'{a}}ximo, para baixas excentricidades
• O design {\'{o}}timo depende da condi{\c{c}}{\~{a}}o de opera{\c{c}}{\~{a}}o
• Em baixas excentricidades, existe um aumento adicional na press{\~{a}}o para as superf{\'{i}}cies texturizadas.},
author = {Cupillard, S. and Glavatskih, S. and Cervantes, M. J.},
doi = {10.1243/13506501JET319},
file = {:C$\backslash$:/Users/User/AppData/Local/Mendeley Ltd./Mendeley Desktop/Downloaded/Cupillard, Glavatskih, Cervantes - 2008 - Computational fluid dynamics analysis of a journal bearing with surface texturing.pdf:pdf},
issn = {1350-6501},
journal = {Proceedings of the Institution of Mechanical Engineers, Part J: Journal of Engineering Tribology},
keywords = {cavitation,friction,journal bearing,load carrying capacity,textured surface},
pages = {97--107},
title = {{Computational fluid dynamics analysis of a journal bearing with surface texturing}},
url = {http://pij.sagepub.com/lookup/doi/10.1243/13506501JET319},
volume = {222},
year = {2008}
}
@article{Cupillard2009,
abstract = {Analysis of a 3D inlet textured slider bearing with a temperature dependent fluid is performed. Numerical simulations are carried out for a laminar and steady flow. Hot and cold lubricant mixing in the groove is modelled and examined for different operating conditions. Thermohydrodynamic performance of the bearing is analyzed for different texture lengths. Results show that texture has a stronger and positive influence on load carrying capacity when thermal effects are considered. This beneficial effect is at a maximum for the longest dimples with a length shorter than the pad length. Texture is also beneficial for the load carrying capacity when the sliding speed and inlet flow rate are varied. The load carrying capacity of the slider can be increased by up to 16{\%} in severe operating conditions (high sliding speed). {\textcopyright} 2009 Elsevier Ltd. All rights reserved.},
annote = {• Simula{\c{c}}{\~{o}}es num{\'{e}}ricas para regime de fluxo permanente e laminar
• Modelo e an{\'{a}}lise de lubrificantes quentes e frios nas ranhuras
• A textura tem efeitos mais fortes e positivos se efeitos t{\'{e}}rmicos s{\~{a}}o considerados.
• Efeito {\'{e}} m{\'{a}}ximo para sulcos mais longos com um comprimento menor que o comprimento da almofada (pad)
• Textura tamb{\'{e}}m {\'{e}} beneficial para a capacidade de carga quando a velocidade de deslizamento e a taxa de fluxo admmitdo s{\~{a}}o variados.
• {\'{E}} poss{\'{i}}vel melhorar a capacidade de carga em at{\'{e}} 16{\%} sob condi{\c{c}}{\~{o}}es severas de opera{\c{c}}{\~{a}}o.
• Efeitos de in{\'{e}}rcia devem ser considerados em alguns casos e podem ser desconsiderados em outros (?)
• Slider parcialmente texturizado na regi{\~{a}}o de admiss{\~{a}}o
• A textura na entrada tem influ{\^{e}}ncia positiva maior na capacidade de carga quando os efeitos t{\'{e}}rmicos s{\~{a}}o considerados
• Sulcos tem um efeito positivo melhor para uma maior faixa de condi{\c{c}}{\~{o}}es de opera{\c{c}}{\~{a}}o},
author = {Cupillard, S. and Glavatskih, S. and Cervantes, M. J.},
doi = {10.1016/j.triboint.2009.05.021},
file = {:C$\backslash$:/Users/User/AppData/Local/Mendeley Ltd./Mendeley Desktop/Downloaded/Cupillard, Glavatskih, Cervantes - 2009 - 3D thermohydrodynamic analysis of a textured slider.pdf:pdf},
isbn = {0301679X},
issn = {0301679X},
journal = {Tribology International},
keywords = {Load carrying capacity,Lubricant mixing,Slider bearing,Texture},
number = {10},
pages = {1487--1495},
publisher = {Elsevier},
title = {{3D thermohydrodynamic analysis of a textured slider}},
url = {http://dx.doi.org/10.1016/j.triboint.2009.05.021},
volume = {42},
year = {2009}
}
@article{Dobrica2009,
abstract = {Numerous recent studies focus on modelling the lubricant flow in macro-textured configurations, using the Navier-Stokes, Stokes, and Reynolds equations. Several of these studies show that important, lift generating inertia effects are present in textured configurations, and conclude that Reynolds assumptions do not hold true for such contacts. A similar analysis is performed in this paper, for parallel sliders of infinite width, but with quite different conclusions. Two main observations are made based on the results presented herein: (a) inertia effects cannot be analysed by single texture cell models-for example, in the case of partial inlet texturing, inertia shows a clear negative influence, contradicting the previously reported lift generating effects; (b) the validity of Reynolds equation in textured sliders cannot be decided by the Reynolds number (Re) alone, and the texture aspect ratio (X) has an equally important influence on Reynolds equation validity. Finally, charts presenting the relative difference between Reynolds and Navier-Stokes solutions in terms of lambda and Re are discussed.},
author = {Dobrica, M. B. and Fillon, M.},
doi = {10.1243/13506501JET433},
file = {:C$\backslash$:/Users/User/AppData/Local/Mendeley Ltd./Mendeley Desktop/Downloaded/Dobrica, Fillon - 2009 - About the validity of Reynolds equation and inertia effects in textured sliders of infinite width.pdf:pdf},
isbn = {1350-6501},
issn = {1350-6501},
journal = {Proceedings of the Institution of Mechanical Engineers Part J Journal of Engineering Tribology},
keywords = {hydrodynamic lubrication,numerical analysis,surface texture},
number = {1},
pages = {69--78},
title = {{About the validity of Reynolds equation and inertia effects in textured sliders of infinite width}},
url = {http://pij.sagepub.com/lookup/doi/10.1243/13506501JET433},
volume = {223},
year = {2009}
}
@article{Dobrica2006a,
annote = {• Regime estacion{\'{a}}rio
• Modelo baseado na eq. de Reynolds generalizada, com efeitos de in{\'{e}}rcia concetrados {\'{e}} usado para determinar distribui{\c{c}}{\~{a}}o de press{\~{a}}o 2D
• Constroi campo de velocidade 3D para resolver eq. de energia 3D
• Usa m{\'{e}}todo dos volumes finitos para resolver as equa{\c{c}}{\~{o}}es
• Perda de calor {\'{e}} levada em contato resolvendo a eq. de aplace com condi{\c{c}}{\~{a}}o de contorno convectiva
• Modelo gera distrui{\c{c}}{\~{a}}o de press{\~{a}}o, campo de velocidade e a distribui{\c{c}}{\~{a}}o de temperatura no fluido e na almofada solida (pad)
• Efeitos de in{\'{e}}rcia s{\~{a}}o considerados nas linhas de descontinuidade do filme, aumentando a precis{\~{a}}o da solu{\c{c}}{\~{a}}o, especialmente para filmes mais espessos
• Capacidade de carga {\'{e}} dependente das dimens{\~{o}}es do furo, mas a temperatura m{\'{i}}nima n{\~{a}}o
• Quando o furo {\'{e}} estreiro, a temperatura m{\'{a}}xima {\'{e}} deslocada para a lateral das bordas da almofada},
author = {Dobrica, M. B. and Fillon, M.},
doi = {10.1115/1.2162914},
file = {:C$\backslash$:/Users/User/AppData/Local/Mendeley Ltd./Mendeley Desktop/Downloaded/Dobrica, Fillon - 2006 - Thermohydrodynamic Behavior of a Slider Pocket Bearing.pdf:pdf},
isbn = {0742-4787},
issn = {07424787},
journal = {Journal of Tribology},
keywords = {finite volume,hydrodynamic lubrication,pocket bearing,thermal effects},
number = {2},
pages = {312},
title = {{Thermohydrodynamic Behavior of a Slider Pocket Bearing}},
volume = {128},
year = {2006}
}
@article{Dobrica2006,
annote = {• O modelo {\'{e}} aplicado a journal bearing com pequenas dimens{\~{o}}es
• Eq. de Reynolds {\'{e}} resolvida com uma malha fina
• "Pad deformation" {\'{e}} levado em conta.
• Deforma{\c{c}}{\~{a}}o por contato {\'{e}} negligenciada
• Modelo deterministico proposto {\'{e}} comparado ao estocastico proposto por Patir e Cheng
• Superf{\'{i}}cies s{\~{a}}o geradas numericamente (n{\~{a}}o reais)
• Quando menor a camada de fluido, maior a influ{\^{e}}ncia da rugosidade superficial
• Harp e Salant propuseram uma equa{\c{c}}{\~{a}}o de Reynolds universavel que leva em conta cavita{\c{c}}{\~{a}}o inter-aspereza e cavita{\c{c}}{\~{a}}o macrosc{\'{o}}pica
• Modelos anteriores assuem que resultados determiniscos obtidos para mancais muito pequenos podem ser aplicados em mancais comuns
• Hip{\'{o}}tese: Isoterm{\'{e}}ico, sem press{\~{a}}o de contato, pequenos journal bearings parciais, eixo liso, "pad" rugosa
• Rugosidade afetou todos os par{\^{a}}metros, mas {\'{e}} altamente dependende da sua orienta{\c{c}}{\~{a}}o
• Modelo de Patir Cheng antecipa as tend{\^{e}}ncias causas pelos diferentes tipos de rugosidade (exceto altura angular), boa previs{\~{a}}o 
pra camada m{\'{e}}dia m{\'{i}}nima de filme, mas subestima torque de atrito
• N{\~{a}}o coloca na conclus{\~{a}}o a diferen{\c{c}}a entre o modelo deterministico e estocastico.},
author = {Dobrica, M. B. and Fillon, M. and Maspeyrot, P.},
doi = {10.1115/1.2345404},
file = {:C$\backslash$:/Users/User/AppData/Local/Mendeley Ltd./Mendeley Desktop/Downloaded/Dobrica, Fillon, Maspeyrot - 2006 - Mixed Elastohydrodynamic Lubrication in a Partial Journal Bearing—Comparison Between Deterministic a.pdf:pdf},
isbn = {0742-4787},
issn = {07424787},
journal = {Journal of Tribology},
keywords = {elastohydrodynamic lubrication,mixed lubrication,surface roughness effects},
number = {4},
pages = {778},
title = {{Mixed Elastohydrodynamic Lubrication in a Partial Journal Bearing—Comparison Between Deterministic and Stochastic Models}},
volume = {128},
year = {2006}
}
@article{Dowson1962,
abstract = {In the analysis of fluid-film bearings the basic equation employed is known as the Reynolds equation. This equation, which governs the generation of pressure in the lubricant film, is encountered in numerous forms each applicable to a particular set of circumstances only. The study of fluid-film lubrication suffers from this multiplicity of Reynolds-type equations, and the influence of different physical mechanisms associated with pressure generation is frequently masked by the difference in form of tho initial equations. In recent years a further mechanism of pressure generation associated with the variation of fluid properties across the film has been suggested, and this has resulted in new forms of the pressure equation. In this paper a generalized form of Reynolds equation is developed which permits tho variation of relevant quantities across, as well as along, tho lubricant film. This equation is derived from the fundamental equations of hydrodynamics with a minimum of restrictive assumptions, and it will be seen that it can bo reduced to any of the forms currently employed in the analysis of fluid-film bearings.},
author = {Dowson},
doi = {10.1016/S0020-7403(62)80038-1},
file = {:C$\backslash$:/Users/User/AppData/Local/Mendeley Ltd./Mendeley Desktop/Downloaded/Dowson - 1962 - A generalized Reynolds equation for fluid-film lubrication.pdf:pdf},
isbn = {0020-7403},
issn = {18792162},
journal = {International Journal of Mechanical Sciences},
number = {February},
pages = {159 -- 170},
title = {{A generalized Reynolds equation for fluid-film lubrication}},
volume = {4},
year = {1962}
}
@article{Elrod1981,
author = {Elrod, H. G.},
file = {:C$\backslash$:/Users/User/AppData/Local/Mendeley Ltd./Mendeley Desktop/Downloaded/Elrod - 1981 - A Cawitation Algorithm.pdf:pdf},
number = {July},
title = {{A Cawitation Algorithm}},
year = {1981}
}
@article{Etsion1996,
abstract = {A mathematical model is developed to allow performance prediction of all-liquid noncontacting mechanical seals with regular microsurface structure in the form of hemispherical pores. Seal performance such as the equilibrium face separation, friction torque and leakage across the seal are calculated and presented for a range of sealed pressure, pore size and pore ratio of ring surface area. An optimum pore size is found that depends on the other variables and corresponds to maximum axial stiffness and minimum friction torque. Also, a critical pore size is found above which seal failure is possible.},
author = {Etsion, I. and Burstein, L.},
doi = {10.1080/10402009608983582},
file = {:C$\backslash$:/Users/User/AppData/Local/Mendeley Ltd./Mendeley Desktop/Downloaded/Etsion, Burstein - 1996 - A Model for Mechanical Seals with Regular Microsurface Structure.pdf:pdf},
isbn = {1040-2004},
issn = {1040-2004},
journal = {Tribology Transactions},
keywords = {mechanical seals,seals},
number = {3},
pages = {677--683},
title = {{A Model for Mechanical Seals with Regular Microsurface Structure}},
volume = {39},
year = {1996}
}
@article{Etsion2002,
abstract = {A theoretical model is developed to study the effect of partial laser surface texturing (LST) on a hydrostatic gas seal. The partial LST provides a mechanism for hydrostatic pressure build up in the sealing dam similar to that of a radial step. The surface texturing parameters are numerically optimized to obtain maximum efficiency in terms of the ratio of load carrying capacity over gas leakage. The performance of the optimum partial LST seal compares favorably with that of a radial step seal.},
annote = {• Investiga{\c{c}}{\~{a}}o de um selo mec{\^{a}}nico com superf{\'{i}}cie texturizada a laser (parcial)
• Texturiza{\c{c}}{\~{a}}o parcial promove umm mec{\^{a}}nismo para aumento da press{\~{a}}o similar a um passo radial (radial step)
• {\'{O}}timiza{\c{c}}{\~{a}}o dos par{\^{a}}metros de texturiza{\c{c}}{\~{a}}o superficial s{\~{a}}o feitos em um modelo te{\'{o}}rico
• Selos otimamente texturizados geram muito menos atrito e calor
• Um selo desbalanceado n{\~{a}}o texturizado pode ser transformado em um selo balanceado texturizado com caracter{\'{i}}sticas melhores
• LST {\'{e}} melhor
• O artigo foca em otimizar os par{\^{a}}metros de superf{\'{i}}cies parcialmente texturizadas
• {\'{O}}timos resultados com rela{\c{c}}{\~{a}}o a diminui{\c{c}}{\~{a}}o do atrito e aumento da capacidade de carga},
author = {Etsion, I. and Halperin, G.},
doi = {10.1080/10402000208982570},
file = {:C$\backslash$:/Users/User/AppData/Local/Mendeley Ltd./Mendeley Desktop/Downloaded/Etsion, Halperin - 2002 - A Laser Surface Textured Hydrostatic Mechanical Seal.pdf:pdf},
isbn = {1040-2004},
issn = {1040-2004},
journal = {Tribology Transactions},
keywords = {hydrostatic seals,mechanical seals,surface texturing},
number = {3},
pages = {430--434},
title = {{A Laser Surface Textured Hydrostatic Mechanical Seal}},
volume = {45},
year = {2002}
}
@article{Etsion1999,
abstract = {An analytical model is developed to predict the relation between the opening force and operating conditions in a mechan- ical seal with laser textured microsurface structure in the form of micropores. The model is valid for any desired shape of the micro- pores. An optimization is performed for spherical shape micro- pores evenly distributed on one of the mating rings face to maxi- mize the opening force and fluid film st{\~{}}@ess. Results of a para- metric study are presented showing the effect of the main design parameters on the seal performance. Some results of an experi- mental investigation with water-lubricated seal rings are also shown and compared with the theoretical model.},
annote = {• Modelo anal{\'{i}}tico para determinar rela{\c{c}}{\~{a}}o entre for{\c{c}}as de abertura e condi{\c{c}}{\~{o}}es de opera{\c{c}}{\~{a}}o em um selo mec{\^{a}}nico com texturizado a laser
• O modelo {\'{e}} v{\'{a}}lido para qualquer formato de sulco
• Estudar os par{\^{a}}metros que afetam a performace de selos com fases texturizadas a laser
• Densidade dos poros e rela{\c{c}}{\~{a}}o do raio do selo tem pouco efeito na press{\~{a}}o
• Profundidade tem influ{\^{e}}ncia na press{\~{a}}o. Existe uma profundidade {\'{o}}tima.
• Efici{\^{e}}ncia depende da velocidade, viscosidade e efeitos hidroest{\'{a}}ticos devido a diferen{\c{c}}a de press{\~{a}}o.
• Se hidroest{\'{a}}tico {\textgreater} hidrodin{\^{a}}mico = sem cavita{\c{c}}{\~{a}}o ={\textgreater} sem diferen{\c{c}}a
• Se hidrodin{\^{a}}mico {\textgreater} hidroest{\'{a}}tico = com cavita{\c{c}}{\~{a}}o ={\textgreater} muita diferen{\c{c}}a
• Compara{\c{c}}{\~{a}}o com os experimentos pr{\'{a}}ticos deram bons resultados.},
author = {Etsion, I and Kligerman, Y and Halperin, G},
doi = {10.1080/10402009908982248},
file = {:C$\backslash$:/Users/User/AppData/Local/Mendeley Ltd./Mendeley Desktop/Downloaded/Etsion, Kligerman, Halperin - 1999 - Analytical and Experimental Investigation of Laser- Textured Mechanical Seal Faces.pdf:pdf},
isbn = {1040200990},
issn = {1040-2004},
journal = {Tribology Transactions},
number = {3},
pages = {511--516},
title = {{Analytical and Experimental Investigation of Laser- Textured Mechanical Seal Faces}},
volume = {42},
year = {1999}
}
@article{Etsion2005,
abstract = {Surface texturing has emerged in the last decade as a viable op- tion of surface engineering resulting in significant improvement in load capacity, wear resistance, friction coefficient etc. of tribo- logical mechanical components. Various techniques can be em- ployed for surface texturing but Laser Surface Texturing (LST) is probably the most advanced so far. LST produces a very large number of micro-dimples on the surface and each of these micro- dimples can serve either as a micro-hydrodynamic bearing in cases of full or mixed lubrication, a micro-reservoir for lubricant in cases of starved lubrication conditions, or a micro-trap for wear debris in either lubricated or dry sliding. The present paper reviews the current effort being made world wide on surface tex- turing in general and on laser surface texturing in particular. It presents the state of the art in LST and the potential of this tech- nology in various lubricated applications like mechanical seals, piston rings and thrust bearings. The paper also describes some fundamental on going research around the world with LST.},
annote = {• Apresenta os esfor{\c{c}}os pelo mundo relacionados ao LST
• Muitos papers sobre LST em alem{\~{a}}o
• Modelos diferentes para diferentes elementos de m{\'{a}}quinas s{\~{a}}o descritos
• Bom resumo sobre texturiza{\c{c}}{\~{a}}o no geral e texturiza{\c{c}}{\~{a}}o a laser especialmente},
author = {Etsion, I.},
doi = {10.1115/1.1828070},
file = {:C$\backslash$:/Users/User/AppData/Local/Mendeley Ltd./Mendeley Desktop/Downloaded/Etsion - 2005 - State of the Art in Laser Surface Texturing.pdf:pdf},
issn = {07424787},
journal = {Journal of Tribology- Transactions of the ASME},
number = {1},
pages = {248},
title = {{State of the Art in Laser Surface Texturing}},
volume = {127},
year = {2005}
}
@article{Etsion2004,
abstract = {Performance enhancements by laser surface texturing (LST) of parallel-thrust bearings is experimentally investigated. Test results are compared with a theoretical model and good correlation is found over the relevant operating conditions. A comparison of the performance of unidirectional and bi-directional partial-LST bearings with that of a baseline, untextured bearing is presented showing the benefits of LST in terms of increased clearance and reduced friction.},
annote = {• Compara{\c{c}}{\~{a}}o entre experimentos e modelos te{\'{o}}ricos com bons resultados
• Compara{\c{c}}{\~{a}}o entre performace de mancais com texturiza{\c{c}}{\~{o}}es parciais uni e bi dimensionais com mancais n{\~{a}}o texturizados
• Prop{\'{o}}sito {\'{e}} validar o modelo e coeficientes descritos no artigo anterior
• Existe correla{\c{c}}{\~{a}}o com o modelo te{\'{o}}rico quando o regime {\'{e}} laminar
• Para regimes turbulentos, o clearance {\'{e}} maior que o previsto no modelo
• Um aumento substancial do clearance aconteceu nos mancais texturizados parcialmente
• Consequentemente, uma alta diminui{\c{c}}{\~{a}}o no coeficiente de atrito (+50{\%})},
author = {Etsion, I. and Halperin, G. and Brizmer, V. and Kligerman, Y.},
doi = {10.1023/B:TRIL.0000032467.88800.59},
file = {:C$\backslash$:/Users/User/AppData/Local/Mendeley Ltd./Mendeley Desktop/Downloaded/Etsion et al. - 2004 - Experimental Investigation of Laser Surface Textured Parallel Thrust Bearings.pdf:pdf},
isbn = {1023-8883},
issn = {10238883},
journal = {Tribology Letters},
keywords = {fluid film bearings,slider bearings,surface texturing},
number = {2},
pages = {295--300},
title = {{Experimental Investigation of Laser Surface Textured Parallel Thrust Bearings}},
url = {http://www.springerlink.com/openurl.asp?id=doi:10.1023/B:TRIL.0000032467.88800.59},
volume = {17},
year = {2004}
}
@article{Fatu2006,
abstract = {A comprehensive method of thermoelastohydrodynamic (TEHD) lubrication analysis for dynamically loaded journal bearings was presented. The lubrication film temperature was treated as a time-dependent three-dimensional variable with a parabolic variation with respect to the film thickness. A new heat flux conservation algorithm was proposed to calculate the film and solid temperature. Solving the complex problem of big end connecting rod bearing TEHD lubrication proved the algorithm efficiency. The temperature strongly varied across both con rod and shaft bearing, in a range of 130°-141°C for the con-rod bearing surface and 83°-150°C for the shaft bearing surface. This led to high modification of the initial shape of the surface. This is an abstract presented at the World Tribology Congress III (Washington, DC 9/12-16/2005).},
annote = {• TEHD com um novo odelo para tratar a conserva{\c{c}}{\~{a}}o do fluxo de calor},
author = {Fatu, A. and Hajjam, M. and Bonneau, D.},
doi = {10.1115/1.2114932},
file = {:C$\backslash$:/Users/User/AppData/Local/Mendeley Ltd./Mendeley Desktop/Downloaded/Fatu, Hajjam, Bonneau - 2006 - A New Model of Thermoelastohydrodynamic Lubrication in Dynamically Loaded Journal Bearings.pdf:pdf},
isbn = {0791842029},
issn = {07424787},
journal = {Journal of Tribology},
keywords = {Journal Bearing,TEHD,Theoretical,Thermal},
mendeley-tags = {Journal Bearing,TEHD,Theoretical,Thermal},
number = {1},
pages = {85},
title = {{A New Model of Thermoelastohydrodynamic Lubrication in Dynamically Loaded Journal Bearings}},
volume = {128},
year = {2006}
}
@article{Fesanghary2013,
abstract = {The optimum periodic surface grooves that provide the highest load-carrying capacity (LCC) in parallel flat surface bearings are obtained using mathematical optimization methods. Results show that the optimum groove geometry is a function of the aspect ratio. For small aspect ratios the optimum grooves have an elongated "heart-like" shape and for high-aspect ratios they take on the shape of spirals. It is shown that optimally-designed grooves can provide up to 36{\%} more LCC compared to the conventional spiral grooves. Also presented are the results of a series of experiments to authenticate the theoretical development. The experimental results show good agreement with theoretical simulations. ?? 2013 Elsevier Ltd.},
annote = {• Usa modelo matem{\'{a}}tico para determinar a per{\'{i}}odicidade {\'{o}}tima de ranhuras para a maior capacidade de carga
• A geometria {\'{o}}tima {\'{e}} fun{\c{c}}{\~{a}}o do aspect ratio
• M{\'{e}}todo de otimiza{\c{c}}{\~{a}}o SQP {\'{e}} uasdo
• Poss{\'{i}}vel obter um aumento de 36{\%} na capacidade de carga},
author = {Fesanghary, M. and Khonsari, M. M.},
doi = {10.1016/j.triboint.2013.08.001},
file = {:C$\backslash$:/Users/User/AppData/Local/Mendeley Ltd./Mendeley Desktop/Downloaded/Fesanghary, Khonsari - 2013 - On the optimum groove shapes for load-carrying capacity enhancement in parallel flat surface bearings Theo.pdf:pdf},
issn = {0301679X},
journal = {Tribology International},
keywords = {Experimental,Flat Bearing,Grooves,Load-carrying capacity,Optimization,Spiral groove,Surface pattern,Texturing,Theoretical},
mendeley-tags = {Experimental,Flat Bearing,Grooves,Texturing,Theoretical},
pages = {254--262},
publisher = {Elsevier},
title = {{On the optimum groove shapes for load-carrying capacity enhancement in parallel flat surface bearings: Theory and experiment}},
url = {http://dx.doi.org/10.1016/j.triboint.2013.08.001},
volume = {67},
year = {2013}
}
@article{Fesanghary2011,
annote = {• Algoritmo de cavita{\c{c}}{\~{a}}o com conserva{\c{c}}{\~{a}}o de massa, derivado do m{\'{e}}todo de Elrod
• Implementa{\c{c}}{\~{a}}o de uma fun{\c{c}}{\~{a}}o switch que descreve as {\'{a}}rea de filme e de cavita{\c{c}}{\~{a}}o
• Mudan{\c{c}}as abruptas causam problemas de converg{\^{e}}ncia e instabilidade
• M{\'{e}}todo melhora a instabilidade e resolve os problemas de converg{\^{e}}ncia
• 64{\%} mais r{\'{a}}pido e menos sucess{\'{i}}vel a instabilidade
• Substitiu o switch bin{\'{a}}rio proposto por JFO por uma fun{\c{c}}{\~{a}}o exponecial progressiva e regressiva},
author = {Fesanghary, M. and Khonsari, M. M.},
doi = {10.1115/1.4003484},
file = {:C$\backslash$:/Users/User/AppData/Local/Mendeley Ltd./Mendeley Desktop/Downloaded/Fesanghary, Khonsari - 2011 - A Modification of the Switch Function in the Elrod Cavitation Algorithm.pdf:pdf},
issn = {07424787},
journal = {Journal of Tribology},
keywords = {cavitation,mass-conservative algorithm,switch func-},
number = {2},
pages = {024501},
title = {{A Modification of the Switch Function in the Elrod Cavitation Algorithm}},
volume = {133},
year = {2011}
}
@article{Giacopini2010,
annote = {• M{\'{e}}todo complementar de conserva{\c{c}}{\~{a}}o de massa {\'{e}} proposto.
• Baseado no modelo de Elrod
• Similar a outros m{\'{e}}todos
• Detecta naturalmente as camada de ruptura e recria{\c{c}}{\~{a}}o},
author = {Giacopini, M. and Fowell, M. T. and Dini, D. and Strozzi, A.},
doi = {10.1115/1.4002215},
file = {:C$\backslash$:/Users/User/AppData/Local/Mendeley Ltd./Mendeley Desktop/Downloaded/Giacopini et al. - 2010 - A Mass-Conserving Complementarity Formulation to Study Lubricant Films in the Presence of Cavitation.pdf:pdf},
issn = {07424787},
journal = {Journal of Tribology},
keywords = {complementarity,finite element method,hydrodynamic lubrication},
number = {4},
pages = {041702},
title = {{A Mass-Conserving Complementarity Formulation to Study Lubricant Films in the Presence of Cavitation}},
volume = {132},
year = {2010}
}
@article{Greenwood1966,
author = {Greenwood, J. A. and Williamson, J. B. P.},
doi = {10.1098/rspa.1983.0054},
file = {:C$\backslash$:/Users/User/Dropbox/Jonatha/Mestrado/Tese/Artigos/300.full.pdf:pdf},
issn = {1364-5021},
journal = {Proceedings of the Royal Society A},
number = {1442},
title = {{Contact of nominally flat surfaces}},
volume = {295},
year = {1966}
}
@article{Greiner2015,
annote = {• Rela{\c{c}}{\~{a}}o entre de diferentes velocidades e os tamanhos dos sulcos (dimples) para as propriedades tribologicas
• Em altas velocidades, menores sulcos s{\~{a}}o melhores
• Em baixas velocidades, sulcos maiores apresentam melhores resultados
• Testes mostraram redu{\c{c}}{\~{a}}o de 80{\%} no atrito.
• Testes mostram que o tamanho dos sulcos precisa ser ajustado para cada aplica{\c{c}}{\~{a}}o (velocidades diferentes = resultados diferentes)
• O artigo usou simula{\c{c}}{\~{o}}es CFD para validar os resultados},
author = {Greiner, Christian and Merz, Tobias and Braun, Daniel and Codrignani, Andrea and Magagnato, Franco},
doi = {10.1088/2051-672X/3/4/044001},
file = {:C$\backslash$:/Users/User/AppData/Local/Mendeley Ltd./Mendeley Desktop/Downloaded/Greiner et al. - 2015 - Optimum dimple diameter for friction reduction with laser surface texturing the effect of velocity gradient.pdf:pdf},
issn = {2051-672X},
journal = {Surface Topography: Metrology and Properties},
keywords = {CFD,Dimples,Experimental,LST,Texturing},
mendeley-tags = {CFD,Dimples,Experimental,LST,Texturing},
number = {4},
pages = {044001},
title = {{Optimum dimple diameter for friction reduction with laser surface texturing: the effect of velocity gradient}},
url = {http://stacks.iop.org/2051-672X/3/i=4/a=044001?key=crossref.2283d05b76116394899bbe9bf2c385b5},
volume = {3},
year = {2015}
}
@article{Gropper2016,
annote = {• {\'{O}}timo resumo sobre o assunto!!! Ler tudo!!!
• Artigos destacas os avan{\c{c}}os na {\'{a}}rea de texturiza{\c{c}}{\~{a}}o, com enfase nas principais descobertas e compara{\c{c}}{\~{a}}o entre as t{\'{e}}cnicas
para modelar fluxo do fluido, cavita{\c{c}}{\~{a}}o e efeitos micro-hidrodin{\^{a}}micos
• Hist{\'{o}}ria da texturiza{\c{c}}{\~{a}}o superficial (partindo de Hamilton, 1966)
• Autor lembra o fato de que, apesar dos tr{\^{e}}s efeitos principais estarem sempre na literatura, resultado consistentes ainda precisam 
ser feitos para provar tais suposi{\c{c}}{\~{o}}es
• Efeitos da in{\'{e}}rcia podem ser respons{\'{a}}veis pela pertuba{\c{c}}{\~{a}}o na distribui{\c{c}}{\~{a}}o de press{\~{a}}o
• Muita confus{\~{a}}o sobre os efeitos da in{\'{e}}rcia
• Texturiza{\c{c}}{\~{a}}o parcial pode ser melhor
• Cavita{\c{c}}{\~{a}}o e efeitos de in{\'{e}}rcia podem melhorar ou piorar a performace, dependendo das aplica{\c{c}}{\~{o}}es
• Journal Bearings s{\~{a}}o complicados e os efeitos da texturiza{\c{c}}{\~{a}}o total ou parcial n{\~{a}}o s{\~{a}}o necess{\'{a}}riamente positivos
• Modelos podem usar Reynolds ou Navier Stokes
• Cavita{\c{c}}{\~{a}}o geralmente condi{\c{c}}{\~{a}}o de contorno de JFO, com o algoritmo de Elrod Adams, mas pode ser inst{\'{a}}vel
• Algoritmo de Ausas est{\'{a}} dispon{\'{i}}vel na internet
• Muitas refer{\^{e}}ncias!!!},
author = {Gropper, D. and Wang, L. and Harvey, T. J.},
doi = {10.1016/j.triboint.2015.10.009},
file = {:C$\backslash$:/Users/User/AppData/Local/Mendeley Ltd./Mendeley Desktop/Downloaded/Gropper, Wang, Harvey - 2016 - Hydrodynamic lubrication of textured surfaces A review of modeling techniques and key findings.pdf:pdf},
issn = {0301679X},
journal = {Tribology International},
keywords = {Cavitation,Dimples,HD,Journal Bearing,LST,Review,Slider Bearing,Thrust Bearing},
mendeley-tags = {Cavitation,Dimples,HD,Journal Bearing,LST,Review,Slider Bearing,Thrust Bearing},
pages = {509--529},
title = {{Hydrodynamic lubrication of textured surfaces: A review of modeling techniques and key findings}},
url = {http://linkinghub.elsevier.com/retrieve/pii/S0301679X15004582},
volume = {94},
year = {2016}
}
@article{Guzek2013,
annote = {• Propoe uma aproima{\c{c}}{\~{a}}o uniforme para a otimiza{\c{c}}{\~{a}}o de superf{\'{i}}cies texturizadas em mancais 2D
• Procurar a superf{\'{i}}cie {\'{o}}tima que gera menor capacidade de carga ou coeficiente de atrito
• Efeitos de mudan{\c{c}}a de temperatura e cavita{\c{c}}{\~{a}}o s{\~{a}}o incluidos
• As suposi{\c{c}}{\~{o}}es iniciais podem ser modificadas
• Por que ela usa essa suposi{\c{c}}{\~{o}}es?},
author = {Guzek, Agata and Podsiadlo, Pawel and Stachowiak, Gwidon W},
doi = {10.2474/trol.8.7},
file = {:C$\backslash$:/Users/User/AppData/Local/Mendeley Ltd./Mendeley Desktop/Downloaded/Guzek, Podsiadlo, Stachowiak - 2013 - Optimization of Textured Surface in 2D Parallel Bearings Governed by the Reynolds Equation Includi.pdf:pdf},
issn = {1881-2198},
journal = {Tribology Online},
keywords = {4,8-10,Cavitation,Parallel Bearing,Texturing,Theoretical,Thermal,analytical solution has been,basic 2d cases due,e,equations,g,geometric shapes,however,hydrodynamic bearings,possible only for,shape optimization,surface texture,the calculus of variations,to complexity of governing,with the use of},
mendeley-tags = {Cavitation,Parallel Bearing,Texturing,Theoretical,Thermal},
number = {1},
pages = {7--21},
title = {{Optimization of Textured Surface in 2D Parallel Bearings Governed by the Reynolds Equation Including Cavitation and Temperature}},
volume = {8},
year = {2013}
}
@article{Hajjam2007,
abstract = {The presented elastohydrodynamic (EHD) formulation allows accurate analysis of lubricant film breakdown and reformation during the operation of lubricated devices. The algorithm is based on finite-element discretization and the JFO model. Active and non-active lubricant film zones are determined for non-stationary operating conditions. The model was validated through comparisons with previously published studies. The presented results show the shape of rupture boundaries, with a sample of plots demonstrating the efficiency of the algorithms in solving complex problems, such as the EHD lubrication of lip seals. The analysis of thickness, pressure and filling rate fields allows the optimisation of lip seal element design and demonstrates the efficiency of the lubricant feeding device. {\textcopyright} 2007 Elsevier Ltd. All rights reserved.},
annote = {• Formula{\c{c}}{\~{a}}o elastohidrodin{\^{a}}mica permite analisar quebra e reconstru{\c{c}}{\~{a}}o do filme lubrificante durante a opera{\c{c}}{\~{a}}o de dispostivos 
lubrificados
• Algoritmo usa discretiza{\c{c}}{\~{a}}o de elementos finitos e o modelo JFO
• Zonas de filme ativas e n{\~{a}}o-ativas s{\~{a}}o deterinadas para condi{\c{c}}{\~{o}}es de opera{\c{c}}{\~{a}}o n{\~{a}}o estacion{\'{a}}rias
• Ruptura e reforma{\c{c}}{\~{a}}o do filme lubrificante s{\~{a}}o fen{\^{o}}menos transit{\'{o}}rios
• O formato das zonas ativas e n{\~{a}}o ativas variam com o carregamento e a velocidade},
author = {Hajjam, Mohamed and Bonneau, Dominique},
doi = {10.1016/j.triboint.2007.01.018},
file = {:C$\backslash$:/Users/User/AppData/Local/Mendeley Ltd./Mendeley Desktop/Downloaded/Hajjam, Bonneau - 2007 - A transient finite element cavitation algorithm with application to radial lip seals.pdf:pdf},
issn = {0301679X},
journal = {Tribology International},
keywords = {Cavitation,Elastohydrodynamic lubrication,Finite element,Lip seal,Reynolds equation},
pages = {1258--1269},
title = {{A transient finite element cavitation algorithm with application to radial lip seals}},
volume = {40},
year = {2007}
}
@article{Hamilton1966,
annote = {• Teoria cl{\'{a}}ssica da lubrifica{\c{c}}{\~{a}}o n{\~{a}}o preve a exist{\'{e}}ncia de press{\~{o}}es que separem duas superf{\'{i}}cies planas e paralelas.
• V{\'{a}}rios mecanismos foram investigados para explicar tal fen{\^{o}}meno.
• O mecanismo apresentado {\'{e}} baseado em pequenas irregularidades na superf{\'{i}}cie, que gera cavita{\c{c}}{\~{o}}es ue modificam a distribui{\c{c}}{\~{a}}o de press{\~{a}}o, balanceando a distribui{\c{c}}{\~{a}}o antisim{\'{e}}trica que seria normalmente esperada.
• Esse mecanismo gera uma alta capacidade de carga},
author = {Hamilton, D. B. and Walowit, J. A. and Allen, C. M.},
doi = {10.1016/0043-1648(67)90300-6},
file = {:C$\backslash$:/Users/User/AppData/Local/Mendeley Ltd./Mendeley Desktop/Downloaded/Hamilton, Walowit, Allen - 1966 - A Theory of Lubrication by Micro- irregularities.pdf:pdf},
isbn = {0021-9223},
issn = {00431648},
journal = {Transactions of ASME Journal of Basic Engineering},
pages = {177--185},
title = {{A Theory of Lubrication by Micro- irregularities}},
volume = {88},
year = {1966}
}
@article{Han2015a,
author = {Han, Yanfeng and Chan, Chiawen and Wang, Zhanjiang and Shi, Fanghui and Wang, Jiaxu and Wang, Nenzi and Wang, Q. Jane},
doi = {10.1080/10402004.2014.962207},
file = {:C$\backslash$:/Users/User/AppData/Local/Mendeley Ltd./Mendeley Desktop/Downloaded/Han et al. - 2015 - Effects of Shaft Axial Motion and Misalignment on the Lubrication Performance of Journal Bearings Via a Fast Mixed E.pdf:pdf},
issn = {1040-2004},
journal = {Tribology Transactions},
number = {2},
pages = {247--259},
title = {{Effects of Shaft Axial Motion and Misalignment on the Lubrication Performance of Journal Bearings Via a Fast Mixed EHL Computing Technology}},
url = {http://www.tandfonline.com/doi/abs/10.1080/10402004.2014.962207},
volume = {58},
year = {2015}
}
@article{Han2015,
author = {Han, Yanfeng and Xiong, Shangwu and Wang, Jiaxu and {Jane Wang}, Q.},
doi = {10.1115/1.4031138},
file = {:C$\backslash$:/Users/User/AppData/Local/Mendeley Ltd./Mendeley Desktop/Downloaded/Han et al. - 2015 - A New Singularity Treatment Approach for Journal-Bearing Mixed Lubrication Modeled by the Finite Difference Method W.pdf:pdf},
issn = {0742-4787},
journal = {Journal of Tribology},
keywords = {finite difference,herringbone mesh,journal,mixed hydrodynamic lubrication},
number = {1},
pages = {011704},
title = {{A New Singularity Treatment Approach for Journal-Bearing Mixed Lubrication Modeled by the Finite Difference Method With a Herringbone Mesh}},
url = {http://tribology.asmedigitalcollection.asme.org/article.aspx?doi=10.1115/1.4031138},
volume = {138},
year = {2015}
}
@article{Harp2001,
abstract = {An average Reynolds equation capable of predicting the effects of roughness induced inter-asperity cavitation is introduced. The average Reynolds equation is based on the JFO cavitation model and the Patir and Cheng flow factor method. The flow factors are calculated in numerical experiments as functions of the local surface separation, surface statistics, and cavitation number. The model is extended into a universal average Reynolds equation capable of predicting the combined effects of inter-asperity cavitation and macroscopic cavitation. Both the Patir and Cheng method and the present model are verified in numerical experiments},
annote = {• Propoem uma eq. de Reynolds capaz de prever os efeitos da cavita{\c{c}}{\~{a}}o induzida pela inter-aspereza rugosa (?)
• Eq. {\'{e}} baseada no modelo JFO e no m{\'{e}}todo do fator de fluxo de Patir e Cheng
• Os fatores de fluxo s{\~{a}}o calculados com experimentos n{\'{u}}mericos, como fun{\c{c}}{\~{o}}es da separa{\c{c}}{\~{a}}o local das superficies,
da estat{\'{i}}stica das superf{\'{i}}cies e a n{\'{u}}mero de cavita{\c{c}}{\~{a}}o. 
• A eq. preve efeitos de cavita{\c{c}}{\~{a}}o macrosc{\'{o}}picos e de inter-asperezas (microsc{\'{o}}picos?)
• Utilizado o algoritmo de Elrod com condi{\c{c}}{\~{o}}es de JFO},
author = {Harp, S. R. and Salant, R. F.},
doi = {10.1115/1.1332397},
file = {:C$\backslash$:/Users/User/AppData/Local/Mendeley Ltd./Mendeley Desktop/Downloaded/Harp, Salant - 2001 - An Average Flow Model of Rough Surface Lubrication With Inter-Asperity Cavitation.pdf:pdf},
issn = {07424787},
journal = {Journal of Tribology},
number = {1},
pages = {134},
title = {{An Average Flow Model of Rough Surface Lubrication With Inter-Asperity Cavitation}},
volume = {123},
year = {2001}
}
@article{Harp2002,
abstract = {A universal, average Reynolds equation was previously developed to model the combined effects of inter-asperity cavitation and global cavitation in lubricating films between rough surfaces. In this study, the universal, average Reynolds equation is applied to two types of rotating shaft seals: lip seals and mechanical face seals. Inter-asperity cavitation is shown to affect the sealing mechanism of lip seals and to influence the behavior of new, worn, and wavy mechanical face seals. ?? 2002 Elsevier Science Ltd. All rights reserved.},
annote = {• Aplica{\c{c}}{\~{a}}o da eq. de Reynolds universal desenvolvida no artigo anterior em dois tipos de selos para eixos rotativos: 
lip seals e mech face seals
• Cavita{\c{c}}{\~{o}}es microsc{\'{o}}picas s{\~{a}}o significantes em selos com propor{\c{c}}{\~{a}}o alta do filme/rugosidade pequenas.
• Artigo para aplicar a eq. universal},
author = {Harp, S. R. and Salant, R. F.},
doi = {10.1016/S0301-679X(01)00103-7},
file = {:C$\backslash$:/Users/User/AppData/Local/Mendeley Ltd./Mendeley Desktop/Downloaded/Harp, Salant - 2002 - Inter-asperity cavitation and global cavitation in seals An average flow analysis.pdf:pdf},
issn = {0301679X},
journal = {Tribology International},
keywords = {Cavitation,Face seals,Flow factors,Lip seals,Mechanical seals,Seals,Shaft seals},
number = {2},
pages = {113--121},
title = {{Inter-asperity cavitation and global cavitation in seals: An average flow analysis}},
volume = {35},
year = {2002}
}
@article{Hu2000,
annote = {• Aceita superf{\'{i}}cies rugosas 3D com diferentes velocidades de giro e deslizamento
• Nas regi{\~{o}}es HD, Reynolds {\'{e}} usado
• Nas regi{\~{o}}es de contato de asperezas, usa-se uma eq. de Reynolds reduzida, equivalente a um problema de contato seco.
• Usa-se um m{\'{e}}todo multi-level de integra{\c{c}}{\~{a}}o para reduzir tempo de processamento no c{\'{a}}lculo das deforma{\c{c}}{\~{o}}es
• Modelos deterministicos est{\~{a}}o sendo mais usados por n{\~{a}}o necessidade descrever a superf{\'{i}}cie rugosa estat{\'{i}}sticamente
• O modelo apresentado {\'{e}} simples e robusto, sem problemas de converg{\^{e}}ncia para valores de lambda pr{\'{o}}ximos de zero (-0.03)},
author = {Hu, Y. and Zhu, D.},
file = {:C$\backslash$:/Users/User/AppData/Local/Mendeley Ltd./Mendeley Desktop/Downloaded/Hu, Zhu - 2000 - A Full Numerical Solution to the Mixed Lubrication in Point Contacts.pdf:pdf},
number = {January},
pages = {1--9},
title = {{A Full Numerical Solution to the Mixed Lubrication in Point Contacts}},
volume = {122},
year = {2000}
}
@article{Huaiju2013,
author = {Huaiju, L.},
file = {:C$\backslash$:/Users/User/AppData/Local/Mendeley Ltd./Mendeley Desktop/Downloaded/Huaiju - 2013 - Lubricated Contact Analysis of a Spur Gear Pair with Dynamic Loads.pdf:pdf},
title = {{Lubricated Contact Analysis of a Spur Gear Pair with Dynamic Loads}},
year = {2013}
}
@article{Jackson2008,
abstract = {A comprehensive numerical model is developed to investigate the behavior of a tilted thrust washer bearing. The goal of this work is to investigate the physical phenomena that distress the bearing system. This work includes thermoelastic deformations, which have been neglected in previous studies. The thrust washer bearing is subjected to non-axisymmetric loads within the planetary gear sets of automatic transmissions and consists of flat-faced washers placed between an idle helical gear and an adjacent carrier face.Various coupled numerical schemesmodel sliding friction, boundary lubrication, asperity contact, thermo-mechanical deformation, thermoviscous effects,and full-film lubrication. The model provides predictions of frictional torque, bearing temperature, hydrodynamic lift, and other indicators of bearing performance. The numerical model and theoretical predictions confirm the experimental results, showing that the bearing under consideration is very susceptible to the mechanisms of thermoelastic instability (TEI) and thermoviscous distress (TVD).},
annote = {• Modelo prev{\^{e}} torque de atrito, temperatura do mancal, sustenta{\c{c}}{\~{a}}o hidrodin{\^{a}}mica e outros indicadores de performace
• Instabilidade termoel{\'{a}}stica (TEI)
• O c{\'{o}}digo n{\~{a}}o considera os efeitos transientes, ent{\~{a}}o para de funcionar quando ocorre o colapso do filme lubrificante
• C{\'{o}}digo diverge dos resultados experimentais},
author = {Jackson, R. L. and Green, I.},
doi = {10.1080/10402000701739271},
file = {:C$\backslash$:/Users/User/AppData/Local/Mendeley Ltd./Mendeley Desktop/Downloaded/Jackson, Green - 2008 - The Thermoelastic Behavior of Thrust Washer Bearings Considering Mixed Lubrication, Asperity Contact, and Thermo.pdf:pdf},
isbn = {0791842029},
issn = {1040-2004},
journal = {Tribology Transactions},
keywords = {asperity contact,boundary lubrication,gears,hydrodynamic bearings,thermal effects,washers},
number = {1},
pages = {19--32},
title = {{The Thermoelastic Behavior of Thrust Washer Bearings Considering Mixed Lubrication, Asperity Contact, and Thermoviscous Effects}},
volume = {51},
year = {2008}
}
@article{Jagadeesha2012,
author = {Jagadeesha, K. M. and Nagaraju, T. and Sharma, Satish C. and Jain, S. C.},
doi = {10.1080/10402004.2011.626144},
file = {:C$\backslash$:/Users/User/AppData/Local/Mendeley Ltd./Mendeley Desktop/Downloaded/Jagadeesha et al. - 2012 - 3D Surface Roughness Effects on Transient Non-Newtonian Response of Dynamically Loaded Journal Bearings.pdf:pdf},
issn = {1040-2004},
journal = {Tribology Transactions},
keywords = {effects in hydrodynamics,hydrodynamic bearings,journal bearings,namics,non-newtonian effects in hydrody-,roughness,viscoelasticity},
number = {1},
pages = {32--42},
title = {{3D Surface Roughness Effects on Transient Non-Newtonian Response of Dynamically Loaded Journal Bearings}},
url = {http://www.tandfonline.com/doi/abs/10.1080/10402004.2011.626144},
volume = {55},
year = {2012}
}
@article{Jiang1999,
abstract = {Most machine elements, such as gears and bearings, are operated in the mixed lubrication region. To evaluate lubrication performance for these tribological components, a contact model in mixed elastohydrodynamic lubrication is presented. This model deals with the EHL problem in the very thin film region where the film is not thick enough to separate the asperity contact of rough surface. The macro contact area is then divided into the lubricated area and the micro asperity contact areas by the contacted rough surfaces. In the case when asperity to asperity contact is present, Reynolds equation is only valid in the lubricated areas. Asperity contact pressure is determined by the interaction of two mating surfaces. The applied load is carried out by the lubricant film and the contacted asperities. FFT techniques are utilized to calculate the surface displacement (forward problem) by convolution and the asperity contact pressure (inverse problem) by deconvolution for non-periodic surfaces. With the successful implementation of FFT and multigrid methods, the lubricated contact problem can be solved within hours on a PC for the grids as large as one million nodes. This capability enables us to simulate random rough surfaces in a dense mesh. The load ratio, contact area ratio and average gap are introduced to characterize the performance of mixed lubrication with asperity contacts. Discussions are given regarding the asperity orientation as well as the effect of rolling-sliding condition. Numerical results of real rough topography are illustrated with effects of velocity parameter on load ratio, contact ratio, and average gap.},
annote = {• Uso de t{\'{e}}cnica FFT (Fast Fourier Transform) e multigrid para criar um modelo de solu{\c{c}}{\~{a}}o r{\'{a}}pida para os deslocamentos superficiais e as press{\~{O}}es de contato
• Modelo para estudar lubrifica{\c{c}}{\~{a}}o mista e investigar a transi{\c{c}}{\~{a}}o entre filme completo e filme fino.
• Introduz as vari{\'{a}}veis fra{\c{c}}{\~{a}}o de carga, fra{\c{c}}{\~{a}}o da {\'{a}}rea de contato e gap m{\'{e}}dio para caracterizar a perfomace da micro lubrifica{\c{c}}{\~{a}}o mista.
• C{\'{o}}digo desenvolvido para estudar lubrificac{\~{a}}o mista e contato das asperezas para superf{\'{i}}cies 3D.
• O FFT tem alta efici{\^{e}}ncia e melhorou o tempo para a solu{\c{c}}{\~{a}}o.
• forward problem = dislocamento superficial
• inverse problem = press{\~{a}}o de contato das asperezas.},
author = {Jiang, X. and Hua, D. Y. and Cheng, H. S. and Ai, X. and Lee, Si C.},
doi = {10.1115/1.2834093},
file = {:C$\backslash$:/Users/User/AppData/Local/Mendeley Ltd./Mendeley Desktop/Downloaded/Jiang et al. - 1999 - A Mixed Elastohydrodynamic Lubrication Model With Asperity Contact.pdf:pdf},
isbn = {0742-4787},
issn = {07424787},
journal = {Journal of Tribology},
number = {July},
pages = {481},
title = {{A Mixed Elastohydrodynamic Lubrication Model With Asperity Contact}},
volume = {121},
year = {1999}
}
@article{Joshi2015,
abstract = {Surface texturing at the micro/nanolevel allows air to be trapped in sufficiently small cavities, thereby reducing the flow resistance over the surface in the laminar regime. The nature of the liquid–gas meniscus plays an important role in defining the boundary condition and it depends on the flow conditions and geometrical properties of textures. In the present work, we employ the unsteady volume of fluid model to investigate the behavior of the liquid–gas meniscus for ridges arranged normal to the flow direction to substantiate the frictional resistance of flow in a microchannel. It is found that the assumption of ‘zero shear stress' at the liquid–gas interface grossly overpredicts the effective slip length with meniscus curvature and local partial slip length playing the dominant role. Numerical simulations performed in the laminar regime (20 {\textless} Re {\textless} 120) over single layered ridges normal to the flow direction revealed the effect of texture geometry on the reduction in pressure drop. In single layered structures, lotus-like geometries exhibited a greater reduction in drag (more than 30{\%}) when compared to all other texture geometries. It is recognized that the flow experiences expansion and contraction cycles as it flows over the transverse ridges increasing the frictional resistance. Our findings will help to modify the boundary condition at the liquid–gas meniscus for accurate modeling in the laminar regime and to optimize the texture geometry to improve drag reduction.},
author = {Joshi, Anvesh Gaddam and Mayank Garg and Amit Agrawal and Suhas S},
doi = {10.1088/0960-1317/25/12/125002},
file = {:C$\backslash$:/Users/User/AppData/Local/Mendeley Ltd./Mendeley Desktop/Downloaded/Joshi - 2015 - Modeling of liquid–gas meniscus for textured surfaces effects of curvature and local slip length.pdf:pdf},
issn = {0960-1317},
journal = {Journal of Micromechanics and Microengineering},
number = {12},
pages = {125002},
title = {{Modeling of liquid–gas meniscus for textured surfaces: effects of curvature and local slip length}},
url = {http://stacks.iop.org/0960-1317/25/i=12/a=125002},
volume = {25},
year = {2015}
}
@article{Kango2014,
abstract = {This paper presents investigations related to the combined influences of viscous heat dissipation and non-Newtonian rheology of lubricant on the performance parameters of micro-textured journal bearing. The model proposed herein is solved using finite difference technique by incorporating mass conservation algorithm (JFO boundary conditions) and oil mixing temperature concepts. Some results have been also presented with Reynolds boundary conditions (RBC) for comparison point of view. Based on the present numerical investigations, it is found that JFO boundary conditions yield realistic results in comparison to RBC. Moreover, JFO boundary condition provides numerical stability in getting the converged results with micro-textured surfaces of journal bearing. Reductions in average temperature of the lubricant have been noticed in presence of surface texturing in comparison to smooth surface of the bearing. {\textcopyright} 2013 Elsevier Ltd.},
annote = {• Modelo {\'{e}} solucionado usando diferen{\c{c}}as finitas com algoritmo de conversava{\c{c}}{\~{a}}o de massa JFO
• Resultado s{\~{a}}o comparados com condi{\c{c}}{\~{a}}o de contorno de Reynolds
• JFO apresenta resultados realisticos e estabilidade num{\'{e}}rica
• Capacidade de carga {\'{e}} similar com as duas condi{\c{c}}{\~{o}}es de contorno (RBC e JFO) para superf{\'{i}}cies lisas e totalmente texturizadas
• JFO gera resultados reais para mancais com micro sulcos
• A texturizza{\c{c}}{\~{a}}o parcial na {\'{a}}rea de converg{\^{e}}ncia melhora a capacidade de carga, se comparado com total e lisa.
• A profundidade do sulco influencia a capacidade de carga
• A tempetura diminui na presen{\c{c}}a de sulcos
• Os micro sulcos melhoram a performace do mancal para pequenas ra{\c{c}}{\~{o}}es de excentricidade},
author = {Kango, S. and Sharma, R. K. and Pandey, R. K.},
doi = {10.1016/j.triboint.2013.08.009},
file = {:C$\backslash$:/Users/User/AppData/Local/Mendeley Ltd./Mendeley Desktop/Downloaded/Kango, Sharma, Pandey - 2014 - Thermal analysis of microtextured journal bearing using non-Newtonian rheology of lubricant and JFO bound.pdf:pdf},
issn = {0301679X},
journal = {Tribology International},
keywords = {Dimples,Ellipsoidal dimples,JFO,JFO boundary conditions,Journal Bearing,Oil mixing temperature,Partial Texturing,Theoretical,Thermal,Thermohydrodynamic analysis,Total Texturing,non-Newtonian},
mendeley-tags = {Dimples,JFO,Journal Bearing,Partial Texturing,Theoretical,Thermal,Total Texturing,non-Newtonian},
pages = {19--29},
publisher = {Elsevier},
title = {{Thermal analysis of microtextured journal bearing using non-Newtonian rheology of lubricant and JFO boundary conditions}},
url = {http://dx.doi.org/10.1016/j.triboint.2013.08.009},
volume = {69},
year = {2014}
}
@article{Kango2013,
annote = {• Artigo investiga temperatura m{\'{e}}dia
• Estuda a perfomace de sulcos, ranhuras paralelas e transversais
• De Kraker afirma que a eq. de Reynolds {\'{e}} v{\'{a}}lida para estudar texturas se a profundidade do sulco for maior que a minima espessura do filme lubrificante na lubrifica{\c{c}}{\~{a}}o completa.
• Para problemas de lubrifica{\c{c}}{\~{a}}ao com cavita{\c{c}}{\~{a}}o, usa-se o algoritmo de Elrod com a modifica{\c{c}}{\~{a}}o de Vijayaraghavan
• Os sulcos e ranhuras podem reduzir o coeficiente de atrito e a temperatura m{\'{e}}dia desde que estejam otimamente localizados e dependendo da raz{\~{a}}o de excentricidade},
author = {Kango, S. and Sharma, R. and Pandey, R.},
doi = {10.1177/1350650113499742},
file = {:C$\backslash$:/Users/User/AppData/Local/Mendeley Ltd./Mendeley Desktop/Downloaded/Kango, Sharma, Pandey - 2013 - Comparative analysis of textured and grooved hydrodynamic journal bearing.pdf:pdf},
issn = {1350-6501},
journal = {Journal of Engineering Tribology},
keywords = {Dimples,Grooves,HD,JFO,Journal Bearing,Texturing,Thermal,hydrodynamic journal bearing,jfo boundary condition,surface grooving,surface texturing,thermal analysis},
mendeley-tags = {Dimples,Grooves,HD,JFO,Journal Bearing,Texturing,Thermal},
number = {1},
pages = {82--95},
title = {{Comparative analysis of textured and grooved hydrodynamic journal bearing}},
url = {http://pij.sagepub.com/lookup/doi/10.1177/1350650113499742},
volume = {228},
year = {2013}
}
@article{Khonsari1992,
annote = {• Paper faz uma investiga{\c{c}}{\~{a}}o inicial dos efeitos t{\'{e}}rmicos em mancais Journal
• Os resultados obtidos mostram que o estato permanente {\'{e}} obtido em fra{\c{c}}{\~{a}}o de segundos
• N{\~{a}}o se considera o acoplamento de Reynolds com Energia, assumindo uma velocidade negligenci{\'{a}}vel para o componente de Poiseuille},
author = {Khonsari, M. M. and Wang, S. H.},
doi = {10.1080/10402009208982106},
file = {:C$\backslash$:/Users/User/AppData/Local/Mendeley Ltd./Mendeley Desktop/Downloaded/Khonsari, Wang - 1992 - Notes on Transient THD Effects in a Lubricating Film.pdf:pdf},
issn = {1040-2004},
journal = {Tribology Transactions},
keywords = {Journal Bearing,THD,Theoretical},
mendeley-tags = {Journal Bearing,THD,Theoretical},
number = {1},
pages = {177--183},
title = {{Notes on Transient THD Effects in a Lubricating Film}},
url = {http://www.tandfonline.com/doi/abs/10.1080/10402009208982106},
volume = {35},
year = {1992}
}
@article{Kovalchenko2005,
annote = {• An{\'{a}}lise dos efeitos da texturiza{\c{c}}{\~{a}}o a laser em regime de lubrifica{\c{c}}{\~{a}}o
• Experimentos tribol{\'{o}}gicos foram realizados em pin-on-disk em velocidades de 0.015-0.75 m/s e press{\~{a}}o de contato de 0.16-1.6 MPa
• Dois {\'{o}}leos com viscosidades diferentes foram usados
• Melhorou a performace de carregamento e velocidade para regime de lubrifica{\c{c}}{\~{a}}o HD
• Melhores resultados para maiores carregamentos, velocidades e viscosidade
• {\'{E}} necess{\'{a}}rio que haja o acabamento das bordas dos sulcos 
• Uma menor densidade de sulcos apresenta melhores resultados},
author = {Kovalchenko, A. and Ajayi, O. and Erdemir, A. and Fenske, G. and Etsion, I.},
doi = {10.1016/j.triboint.2004.08.004},
file = {:C$\backslash$:/Users/User/AppData/Local/Mendeley Ltd./Mendeley Desktop/Downloaded/Kovalchenko et al. - 2005 - The effect of laser surface texturing on transitions in lubrication regimes during unidirectional sliding co.pdf:pdf},
issn = {0301679X},
journal = {Tribology International},
keywords = {friction,hydrodynamics,lambda ratio,laser surface texturing,lubrication regime,machine element,microdimpling},
number = {3},
pages = {219--225},
title = {{The effect of laser surface texturing on transitions in lubrication regimes during unidirectional sliding contact}},
url = {http://linkinghub.elsevier.com/retrieve/pii/S0301679X04001598},
volume = {38},
year = {2005}
}
@article{Kucinschi2004,
annote = {• Mdelo num{\'{e}}rico para an{\'{a}}liser das deforma{\c{c}}{\~{o}}es t{\'{e}}rmicas na performace de arruelas de press{\~{a}}o (?) com ranhhuras
• Reynolds para resolver fluxo, eq. de energia para temperatura e eq. de termo-elasticidade para deforma{\c{c}}{\~{o}}es
• Efeito de pequeno desalinhamento {\'{e}} considerado
• Elementos finitos para Reynolds},
author = {Kucinschi, B. R. and DeWitt, K. J. and Pascovici, M. D.},
doi = {10.1115/1.1645298},
file = {:C$\backslash$:/Users/User/AppData/Local/Mendeley Ltd./Mendeley Desktop/Downloaded/Kucinschi, DeWitt, Pascovici - 2004 - Thermoelastohydrodynamic (TEHD) Analysis of a Grooved Thrust Washer.pdf:pdf},
issn = {07424787},
journal = {Journal of Tribology},
number = {2},
pages = {267},
title = {{Thermoelastohydrodynamic (TEHD) Analysis of a Grooved Thrust Washer}},
volume = {126},
year = {2004}
}
@inproceedings{Lachina2006,
abstract = {This paper summarizes the essential parts of a numerical analysis activity in which the application of the Thermo- Elasto-Hydro-Dynamic (TEHD) lubrication theory to a crankshaft journal bearing is examined. The study is carried out through numerical computations performed by a commercial flexible-multibody code which simulates the lubricated contact between elastic bodies in large displacement motion. A multibody model has been created and its thermal behaviour has been validated by comparison with experimental temperatures. 1 The validated model is used to perform two comparative analyses between the TEHD modelling and the Elasto-Hydro- Dynamic (EHD) modelling for max torque and max power conditions. A parametric analysis is also performed in which some functional parameters of the bearing (such as journal speed and bearing clearance) are varied and the influence of these variations on reliability (damage parameters) and performances (lost power) of the bearing is monitored.},
annote = {• An{\'{a}}lise TEHD
• Compara{\c{c}}{\~{a}}o entre resultados EHD e TEHD
• Em altas velocidades, os resultados do modelo EHD se distanciam dos resultados do modelo TEHD e perdem a validade
• Se o ojetivo for avaliar o desgaste do mancal, {\'{e}} v{\'{a}}lida a uitliza{\c{c}}{\~{a}}o do modelo TEHD, mesmo para um custo computacional mais alto.
• Utiliza AVL para as an{\'{a}}lises},
author = {Lachina, F. M. and Cappello, F. and Pisan{\`{o}}, E. and Durando, M. V. and Rivara, R.},
file = {:C$\backslash$:/Users/User/AppData/Local/Mendeley Ltd./Mendeley Desktop/Downloaded/Lachina et al. - 2006 - THERMO-ELASTO-HYDRODYNAMIC ANALYSIS OF A CRANKSHAFT JOURNAL BEARING.pdf:pdf},
keywords = {Cavitation,EHD,ESDA2006-95411,FEM,JFO,Mixed,TEHD,Theoretical,Thermal},
mendeley-tags = {Cavitation,EHD,FEM,JFO,Mixed,TEHD,Theoretical,Thermal},
pages = {1--9},
title = {{THERMO-ELASTO-HYDRODYNAMIC ANALYSIS OF A CRANKSHAFT JOURNAL BEARING}},
year = {2006}
}
@article{Liang2013,
annote = {• Resolu{\c{c}}{\~{a}}o da eq. de Reynolds e da continuidade de fluxo pelo m{\'{e}}otod das diferen{\c{c}}as finitas, over-relaxa{\c{c}}{\~{a}}o e sub-relaxa{\c{c}}{\~{a}}o
• Varia{\c{c}}{\~{a}}o da raz{\~{a}}o de press{\~{a}}o din{\^{a}}mica, da raz{\~{a}}o de excentricidade e da velocidade de rota{\c{c}}{\~{a}}o
• Aumentando a raz{\~{a}}o de excentricidade e velocidade de rota{\c{c}}{\~{a}}o causam um aumento na raz{\~{a}}o da press{\~{a}}o din{\^{a}}mica.
• Artigo tem objetivo de estabelecer um indicador ou m{\'{e}}todo quantitativo para medir o efeito hidrodin{\^{a}}mico
• Raz{\~{a}}o de press{\~{a}}o din{\^{a}}mica pode ser usada para medir a inful{\^{e}}ncia do efeito hidrodin{\^{a}}mico no mancal.
• Raz{\~{a}}o de press{\~{a}}o din{\^{a}}mica {\'{e}} definida como a raz{\~{a}}o entre o filme de fluido de rea{\c{c}}{\~{a}}o gerado pelo efeito hidrodin{\^{a}}mico pelo filme de fluido de rea{\c{c}}{\~{a}}o gerado pelo efeito hibrido, quando a camada de {\'{o}}leo {\'{e}} disposta como um plano},
author = {Liang, Peng and Lu, Changhou and Ding, Jie and Chen, Shujiang},
doi = {10.1016/j.triboint.2013.07.020},
file = {:C$\backslash$:/Users/User/AppData/Local/Mendeley Ltd./Mendeley Desktop/Downloaded/Liang et al. - 2013 - A method for measuring the hydrodynamic effect on the bearing land.pdf:pdf},
issn = {0301679X},
journal = {Tribology International},
keywords = {HD,Hydrodynamic effect,Hydrostatic effect,Journal Bearing,Reynolds equation,Theoretical},
mendeley-tags = {HD,Journal Bearing,Theoretical},
pages = {146--153},
publisher = {Elsevier},
title = {{A method for measuring the hydrodynamic effect on the bearing land}},
url = {http://linkinghub.elsevier.com/retrieve/pii/S0301679X13002818},
volume = {67},
year = {2013}
}
@article{Liu2008,
annote = {• An{\'{a}}lises dos efeitos t{\'{e}}rmicos para contato de ponto
• Pouca explica{\c{c}}{\~{a}}o},
author = {Liu, Y. and Wang, Q. J. and Zhu, D. and Shi, Fanghui},
file = {:C$\backslash$:/Users/User/AppData/Local/Mendeley Ltd./Mendeley Desktop/Downloaded/Liu et al. - 2008 - A GENERALIZED THERMAL EHL MODEL FOR POINT CONTACT PROBLEMS.pdf:pdf},
keywords = {IJTC2008-71120,TEHD,Theoretical,Thermal},
mendeley-tags = {TEHD,Theoretical,Thermal},
pages = {2--3},
title = {{A GENERALIZED THERMAL EHL MODEL FOR POINT CONTACT PROBLEMS}},
year = {2008}
}
@inproceedings{Liu2008,
author = {Liu, Y. and Wang, Q. J. and Zhu, D. and Shi, F.},
booktitle = {STLE/ASME 2008 International Joint Tribology Conference},
doi = {10.1115/IJTC2008-71120},
file = {:C$\backslash$:/Users/User/AppData/Local/Mendeley Ltd./Mendeley Desktop/Downloaded/Liu et al. - 2008 - Numerical Solution of Mixed Thermal Elastohydrodynamic Lubrication (TEHL) in Point Contacts with 3D Surface Roughnes.pdf:pdf},
isbn = {978-0-7918-4336-9},
keywords = {EHD,Mixed EHD,TEHD,Theoretical,Thermal},
mendeley-tags = {EHD,Mixed EHD,TEHD,Theoretical,Thermal},
number = {February 2016},
pages = {281--282},
title = {{Numerical Solution of Mixed Thermal Elastohydrodynamic Lubrication (TEHL) in Point Contacts with 3D Surface Roughness}},
url = {http://proceedings.asmedigitalcollection.asme.org/proceeding.aspx?articleid=1630446},
year = {2008}
}
@article{Lu2007,
annote = {• A performace dos mancais journal podem ser melhoradas com dimens{\~{o}}es {\'{o}}timas dos sulcos, especialmente para {\'{o}}leos leves
• Na lubrifica{\c{c}}{\~{a}}o mista o efeito da regi{\~{a}}o dos sulcos {\'{e}} o principal respons{\'{a}}vel pela melhora na performace.
• Permorce em rela{\c{c}}{\~{a}}o ao atrito de mancais journal com casquilhos com sulcos
• As caracter{\'{i}}sticas de atrito de mancais com e sem sulcos s{\~{a}}o parecidas
• Tamanhos e formatos {\'{o}}timos dos sulcos s{\~{a}}o essenciais para melhorar a performace
• No regime misto de lubrifica{\c{c}}{\~{a}}o, o efeito da lubrifica{\c{c}}{\~{a}}o secund{\'{a}}ria {\'{e}} essencial e tamanhos errados geram piores redu{\c{c}}{\~{o}}es no atrito
• No regime HD, a distribuic{\~{a}}o de press{\~{a}}o assim{\'{e}}trica gera press{\~{a}}o HD extra para seprar as superf{\'{i}}cies, dimuindo o coeficiente de atrito},
author = {Lu, X. and Khonsari, M. M.},
doi = {10.1007/s11249-007-9217-x},
file = {:C$\backslash$:/Users/User/AppData/Local/Mendeley Ltd./Mendeley Desktop/Downloaded/Lu, Khonsari - 2007 - An Experimental Investigation of Dimple Effect on the Stribeck Curve of Journal Bearings.pdf:pdf},
issn = {1023-8883},
journal = {Tribology Letters},
keywords = {dimple,journal bearings,stribeck curve},
number = {2},
pages = {169--176},
title = {{An Experimental Investigation of Dimple Effect on the Stribeck Curve of Journal Bearings}},
url = {http://link.springer.com/10.1007/s11249-007-9217-x},
volume = {27},
year = {2007}
}
@article{Ma2011,
abstract = {The influence of surface texture in the form of the elliptical-shape dimples with various depths, diameters, area ratios and different operation parameters on friction coefficient has been investigated under conditions of hydrodynamic lubrication. The results show that, the larger the optimum diameter, the larger the corresponding optimum depth becomes; the optimum area ratio is not bound up with the texture parameters and operating parameters; the optimum depth increased while the optimum diameter decreased as the velocity became larger and the load became smaller. A model for the optimum design of textured surface was built and then validated by the experiments. ?? 2011 Elsevier Ltd. All rights reserved.},
annote = {• An{\'{a}}lises das caracter{\'{i}}sticas de um sulco eliptico no coeficiente de atrito em regime HD
• Quanto maior o di{\^{a}}metro {\'{o}}timo, maior ser{\'{a}} a profundidade {\'{o}}tima
• Profundidade {\'{o}}tima aumenta enquanto o di{\^{a}}metro {\'{o}}timo diminui quando a velocidade se torna maior e o carregamento menor},
author = {Ma, C. and Zhu, H.},
doi = {10.1016/j.triboint.2011.04.005},
file = {:C$\backslash$:/Users/User/AppData/Local/Mendeley Ltd./Mendeley Desktop/Downloaded/Ma, Zhu - 2011 - An optimum design model for textured surface with elliptical-shape dimples under hydrodynamic lubrication.pdf:pdf},
isbn = {0301-679X},
issn = {0301679X},
journal = {Tribology International},
keywords = {Friction coefficient,Optimum design model,Surface texture},
number = {9},
pages = {987--995},
publisher = {Elsevier},
title = {{An optimum design model for textured surface with elliptical-shape dimples under hydrodynamic lubrication}},
url = {http://dx.doi.org/10.1016/j.triboint.2011.04.005},
volume = {44},
year = {2011}
}
@article{Marian2007,
annote = {• An{\'{a}}lise experimental e te{\'{o}}rica termohidrodin{\^{a}}mica em mancais parcialmente texturizados
• Boa rela{\c{c}}{\~{a}}o entre modelo te{\'{o}}rico e experimental
• O mancal texturiza{\c{c}}{\~{a}}o apresenta menor coeficiente de atrito que o mancal n{\~{a}}o texturizado},
author = {Marian, V. G. and Kilian, M. and Scholz, W.},
doi = {10.1243/13506501JET292},
file = {:C$\backslash$:/Users/User/AppData/Local/Mendeley Ltd./Mendeley Desktop/Downloaded/Marian, Kilian, Scholz - 2007 - Theoretical and experimental analysis of a partially textured thrust bearing with square dimples.pdf:pdf},
isbn = {1023-8883},
issn = {1350-6501},
journal = {Proceedings of the Institution of Mechanical Engineers, Part J: Journal of Engineering Tribology},
keywords = {hydrodynamic lubrication,surface texturing,thermal effects in,thrust bearings},
number = {7},
pages = {771--778},
title = {{Theoretical and experimental analysis of a partially textured thrust bearing with square dimples}},
url = {http://pij.sagepub.com/lookup/doi/10.1243/13506501JET292},
volume = {221},
year = {2007}
}
@article{Medina2015,
annote = {• Solver com m{\'{e}}todo alternativo {\`{a}} fun{\c{c}}{\~{a}}o switch de Elrod para a solu{\c{c}}{\~{a}}o do problema de lubrifica{\c{c}}{\~{a}}o na presen{\c{c}}a de cavita{\c{c}}{\~{a}}o, assumindo a conserva{\c{c}}{\~{a}}o da massa
• Ainda {\'{e}} dif{\'{i}}cil definir os par{\^{a}}metros {\'{o}}timos de design para as texturas, mas o solver proposto auxilia nessa tarefa e pode ser melhorado},
author = {Medina, S. and Fowell, M. T. and Vlădescu, S.-C. and Reddyhoff, T. and Pegg, I. and Olver, a. V. and Dini, D.},
doi = {10.1177/1350650115572448},
file = {:C$\backslash$:/Users/User/AppData/Local/Mendeley Ltd./Mendeley Desktop/Downloaded/Medina et al. - 2015 - Transient effects in lubricated textured bearings.pdf:pdf},
issn = {1350-6501},
journal = {Journal of Engineering Tribology},
keywords = {16 february 2014,5 december 2014,Cavitation,JFO,Slider Bearing,Texturing,Theoretical,accepted,cavitation,date received,friction,hydrodynamic bearings,lubrication,surface texture,transient},
mendeley-tags = {Cavitation,JFO,Slider Bearing,Texturing,Theoretical},
number = {4},
pages = {523--537},
title = {{Transient effects in lubricated textured bearings}},
url = {http://pij.sagepub.com/lookup/doi/10.1177/1350650115572448},
volume = {229},
year = {2015}
}
@phdthesis{Morillo2015,
abstract = {Est˜ ao em desenvolvimento novos materiais para utiliza¸ao em rodas ferrovi´ c˜ arias, isto devido ao problema de descarte relacionado com os desgastes que as rodas sofrem durante o servi¸ co. Para entender o que ocorre com as rodas ferrovi´ arias foram estudados nesta monografia a mecˆ anica do contato e o desgaste em a¸ cos, verificando as v´ arias teorias e os mecanismos que os diferenciam em suas caracter´ ısticas e proveniˆ encias. Por´ em infelizmente existe uma grande defasagem de pesquisas de desgastes em rodas. O objetivo geral deste trabalho ´ e correlacionar valores de taxas de desgaste retirados da literatura, com os parˆ ametros utilizados nos ensaios tribol´ ogicos. Foi feito uma base de dados com resultados de diferentes a¸ cos, com estes dados, foi poss´ ıvel usar o m´ etodo de correla¸ao para determinar a influˆ c˜ encia de parˆ ametros como a carga aplicada no ensaio, a velocidade, a distˆ ancia percorrida, o meio no qual ´ e realizado o ensaio e a influencia do tratamento t´ ermico. Correlacionando sempre uma destas vari´ aveis com a taxa de desgaste. Concluiu-se que ´ e necess´ ario desenvolver um padr˜ ao para os parˆ ametros dos ensaios, com intuito de relacionar as vari´ aveis com os resultados e mensurar o desempenho do material no que se refere a resistˆ encia ao desgaste.},
archivePrefix = {arXiv},
arxivId = {arXiv:1011.1669v3},
author = {Morillo, Alfredo Hugo Valen{\c{c}}a},
doi = {10.1017/CBO9781107415324.004},
eprint = {arXiv:1011.1669v3},
file = {:C$\backslash$:/Users/User/AppData/Local/Mendeley Ltd./Mendeley Desktop/Downloaded/Morillo - 2015 - AN{\'{A}}LISE DE DADOS EXPERIMENTAIS DA LITERATURA SOBRE DESGASTE ADESIVO EM A{\c{C}}OS PARA RODAS FERROVI{\'{A}}RIAS.pdf:pdf},
isbn = {9788578110796},
issn = {19454589},
keywords = {A¸,Mecˆ,Roda Ferrovi´ aria.,Taxa de Desgaste,Tribologia,anica de Contato,cos},
pmid = {25246403},
title = {{AN{\'{A}}LISE DE DADOS EXPERIMENTAIS DA LITERATURA SOBRE DESGASTE ADESIVO EM A{\c{C}}OS PARA RODAS FERROVI{\'{A}}RIAS}},
year = {2015}
}
@article{Morris2015,
author = {Morris, N. and Rahmani, R. and Rahnejat, H. and King, P. D. and Howell-Smith, S.},
doi = {10.1115/1.4031780},
file = {:C$\backslash$:/Users/User/AppData/Local/Mendeley Ltd./Mendeley Desktop/Downloaded/Morris et al. - 2015 - A Numerical Model to Study the Role of Surface Textures at Top Dead Center Reversal in the Piston Ring to Cylinde.pdf:pdf},
issn = {0742-4787},
journal = {Journal of Tribology},
keywords = {friction,internal combustion engine,lubrication,piston ring,surface texture},
number = {2},
pages = {021703},
title = {{A Numerical Model to Study the Role of Surface Textures at Top Dead Center Reversal in the Piston Ring to Cylinder Liner Contact}},
url = {http://tribology.asmedigitalcollection.asme.org/article.aspx?doi=10.1115/1.4031780},
volume = {138},
year = {2015}
}
@article{Patir1978,
abstract = {A new approach is utilized to determine the effects of surface roughness on partially lubricated contacts. An average Reynolds equation for rough surfaces is defined in terms of pressure and shear flow factors, which are obtained by numerical flow simulation. Through the use of measured or numerically generated rough surfaces, any three dimensional roughness structure can be analyzed with this method. The average Reynolds equation is obtained for isotropic surfaces, and for surfaces with directional patterns. The flow factors for these surfaces are expressed as empirical relations in terms of h/$\sigma$ and a surface characteristic $\gamma$ defined as the ratio of x and y correlation lengths.},
author = {Patir, N. and Cheng, H. S.},
doi = {10.1115/1.3453103},
file = {:C$\backslash$:/Users/User/AppData/Local/Mendeley Ltd./Mendeley Desktop/Downloaded/Patir, Cheng - 1978 - An Average Flow Model for Determining Effects of Three-Dimensional Roughness on Partial Hydrodynamic Lubrication.pdf:pdf},
isbn = {0742-4787},
issn = {00222305},
journal = {Journal of Lubrication Technology},
number = {1},
pages = {12},
title = {{An Average Flow Model for Determining Effects of Three-Dimensional Roughness on Partial Hydrodynamic Lubrication}},
volume = {100},
year = {1978}
}
@article{Podgornik2012,
annote = {• Sob condi{\c{c}}{\~{a}}o de lubrifica{\c{c}}{\~{a}}o "starved", a texturiza{\c{c}}{\~{a}}o aumenta o atrito
• Para uma densidade pequena de sulcos, {\'{e}} poss{\'{i}}vel melhorar a performace tribol{\'{o}}gica
• Para pequena densidade de sulcos, no regime de lubrifica{\c{c}}{\~{a}}o boundary, menor atrito {\'{e}} encontrado
• Melhores resultados foram encontrados quando em regime de lubrifica{\c{c}}{\~{a}}o completa, com a maior profundidade de sulco resultando no menor atrito.},
author = {Podgornik, B. and Vilhena, L. M. and Sedla{\v{c}}ek, M. and Rek, Z. and {\v{Z}}un, I.},
doi = {10.1007/s11012-012-9540-7},
file = {:C$\backslash$:/Users/User/AppData/Local/Mendeley Ltd./Mendeley Desktop/Downloaded/Podgornik et al. - 2012 - Effectiveness and design of surface texturing for different lubrication regimes.pdf:pdf},
issn = {0025-6455},
journal = {Meccanica},
keywords = {Dimples,Experimental,Grooves,Mixed,Texturing,friction,lubrication,modelling,roughness,surface texturing},
mendeley-tags = {Dimples,Experimental,Grooves,Mixed,Texturing},
number = {7},
pages = {1613--1622},
title = {{Effectiveness and design of surface texturing for different lubrication regimes}},
url = {http://link.springer.com/10.1007/s11012-012-9540-7},
volume = {47},
year = {2012}
}
@article{Profito2015,
author = {Profito, F. J. and Giacopini, M. and Zachariadis, D. C. and Dini, D.},
doi = {10.1007/s11249-015-0588-0},
file = {:C$\backslash$:/Users/User/AppData/Local/Mendeley Ltd./Mendeley Desktop/Downloaded/Profito et al. - 2015 - A General Finite Volume Method for the Solution of the Reynolds Lubrication Equation with a Mass-Conserving Cavi.pdf:pdf},
isbn = {1124901505880},
issn = {1023-8883},
journal = {Tribology Letters},
keywords = {Finite volume method,Lubrication,Mass-conserving cavitation model,Numerical simulations,Reynolds equation,conserving cavitation model {\'{a}},finite volume method,lubrication {\'{a}} reynolds equation,numerical simulations {\'{a}},{\'{a}} mass-},
number = {1},
pages = {18},
publisher = {Springer US},
title = {{A General Finite Volume Method for the Solution of the Reynolds Lubrication Equation with a Mass-Conserving Cavitation Model}},
url = {http://link.springer.com/10.1007/s11249-015-0588-0},
volume = {60},
year = {2015}
}
@phdthesis{Profito2010,
annote = {• VTL: Virtual Tribology Laboratory pag31
- Software livre?
• Remo{\c{c}}{\~{a}}o de material ou fus{\~{a}}o? pag35
- Cria{\c{c}}{\~{a}}o de rugosidade?
• Apenas atrito de deslizamento? pag45
- Profito n{\~{a}}o considera rolamento
• Hip{\'{o}}tese: curvaturas no filme desprezadas pag63
- O que muda na eq de Reynolds?
• Hip{\'{o}}tese: Temperatura constante pag66
- O que muda na eq de Reynolds?
- O que muda nas condi{\c{c}}{\~{o}}es de contorno?
• Cavita{\c{c}}{\~{a}}o pag70
- Pcav nulo?
• Escoamento incompress{\'{i}}vel pag79
- E se considerarmos altas press{\~{o}}es?
- Qual a press{\~{a}}o de trabalho?
• Modelo de contato pag81
- Existe vantagem em usar MEF ao inv{\'{e}}s de Greenwood?
• Par{\^{a}}metros de contato Greenwood pag95
- Programa computacional Mahle-Summits
• Filtros Modais pag103
- Programa dispon{\'{i}}vel onde?
• Verificar viabilidade das melhorias propostas! pag171},
author = {Profito, F. J.},
file = {:C$\backslash$:/Users/User/AppData/Local/Mendeley Ltd./Mendeley Desktop/Downloaded/Profito - 2010 - Modelagem Unidimensional Do Regime Misto De Lubrifica{\c{c}}{\~{a}}o Aplicada a Superf{\'{i}}cies Texturizadas.pdf:pdf},
title = {{Modelagem Unidimensional Do Regime Misto De Lubrifica{\c{c}}{\~{a}}o Aplicada a Superf{\'{i}}cies Texturizadas}},
year = {2010}
}
@phdthesis{Profito2015,
annote = {• Efeitos t{\'{e}}rmicos desprezados pag9
- por que?
• Contato conformal pag32
- O que significa?
• Journal rigido, bearing n{\~{a}}o pag32
• Abaqus para FEM contato pag33
• AVL Excite usa modelos de contato GW/GT pag37
• Fluxo adicional na eq. de Reynolds
- Funciona para texturiza{\c{c}}{\~{a}}o?
• M{\'{e}}todo Impl{\'{i}}cito para solu{\c{c}}{\~{a}}o das eq. n{\~{a}}o lineares pag54
- Backward Difference Formulas
• Newton-Raphson + Armijo pag56
- O que melhora no m{\'{e}}todo?
• Ref [74] e [75] para problemas termohidrodin{\^{a}}micos pag58
• Ref [15] para superf{\'{i}}cies texxturizadas pag59
• Ref [174] e [173] pag128
- Element Based Finite Volume Method parece ser {\'{u}}til para superf{\'{i}}cies texturizadas.
• Resultados bons para superf{\'{i}}cies texturizadas? pag130

M{\'{e}}todo para solu{\c{c}}{\~{a}}o de problemas de lubrifica{\c{c}}ao mista elasto-hidrodin{\^{a}}micas em mancais 
- Novo modelo para solu{\c{c}}{\~{a}}o da eq. Reynolds para filmes finos, voltado para malhas irregulares
- O modelo proposto parece ser relevante para solu{\c{c}}{\~{a}}o de superf{\'{i}}cies texturizadas

Modelagem
Modelo Hidrodin{\^{a}}mico - fluido separa as superf{\'{i}}cies totalmente (HL)
Modelo Elastohidrodin{\^{a}}mico - fluido separa as superf{\'{i}}cies, mas ocorre deforma{\c{c}}{\~{a}}o el{\'{a}}stica das mesmas (EHL)
Modelo Misto - fluido falha em alguns pontos para separar as superf{\'{i}}cies (ML)
Modelo Misto Elastohidrodin{\^{a}}mico - uni{\~{a}}o dos modelos anteriores

Solu{\c{c}}{\~{a}}o Num{\'{e}}rica
Discretiza{\c{c}}{\~{a}}o no tempo e espa{\c{c}}o (m{\'{e}}todo impl{\'{i}}cito)labbd2fem
M{\'{e}}todo FEM + FVM para solu{\c{c}}{\~{a}}o da eq. de Reynolds (EbFVM)
Discretiza{\c{c}}{\~{a}} dos modelos de contato
Solu{\c{c}}{\~{a}}o do modelo completo

Casos de Estudo
Simula{\c{c}}{\~{a}}o de um mancal de deslizamento texturizado
Os resultados mostrados descrevem uma melhora no tempo de processamento
Par{\^{a}}metros adicionais n{\~{a}}o s{\~{a}}o mostrados nos resultados},
author = {Profito, Francisco Jos{\'{e}}},
file = {:C$\backslash$:/Users/User/AppData/Local/Mendeley Ltd./Mendeley Desktop/Downloaded/Profito - 2015 - On the Development of Advanced Techniques for Mixed-Elastohydrodynamic Lubrication Modelling of Journal and Sliding Bea.pdf:pdf},
keywords = {Cavitation,EHD,FEM,FVM,HD,JFO,Journal Bearing,Mixed EHD,Slider Bearing},
mendeley-tags = {Cavitation,EHD,FEM,FVM,HD,JFO,Journal Bearing,Mixed EHD,Slider Bearing},
title = {{On the Development of Advanced Techniques for Mixed-Elastohydrodynamic Lubrication Modelling of Journal and Sliding Bearing Systems}},
year = {2015}
}
@article{Qiu2013,
abstract = {Surface texturing is used to increase hydrodynamic pressure and reduce friction and wear between gas-lubricated parallel sliding surfaces in a variety of applications. The shape, geometry, and density of the patterned microtexture features ("dimples") play a key role in the tribological performance of textured slider bearings. In this paper we evaluate the friction coefficient and stiffness of gas-lubricated textured parallel slider bearings as a function of six different texture shapes. The texture geometry and density are optimized in terms of minimum friction coefficient and maximum bearing stiffness for each individual texture shape, and then compared relative to each other. The ellipsoidal shape is found to yield the minimum friction coefficient and the highest bearing stiffness, independent of the operating conditions. ?? 2013 Elsevier Ltd.},
annote = {• Texturiza{\c{c}}{\~{a}}o superf{\'{i}}cal em mancais lubrificados a g{\'{a}}s
• Para forma de textura existe uma geometria que minimiza o coeficiente de atrito e maxima a rigidez o mancal, que n{\~{a}}o neces{\'{a}}riamente {\'{e}} a mesma que gera aumento na capacidade de carga
• Formas com bordas abauladas tem desempenho melhor
• Geometria otimizada de um elipsoide gera o menor coeficiente de atrito
• Para aplica{\c{c}}{\~{o}}es onde uma performace isotr{\'{o}}pica {\'{e}} essencial, o formato esf{\'{e}}rico {\'{e}} o mais indicado},
author = {Qiu, M. and Minson, B. R. and Raeymaekers, B.},
doi = {10.1016/j.triboint.2013.08.004},
file = {:C$\backslash$:/Users/User/AppData/Local/Mendeley Ltd./Mendeley Desktop/Downloaded/Qiu, Minson, Raeymaekers - 2013 - The effect of texture shape on the friction coefficient and stiffness of gas-lubricated parallel slide.pdf:pdf},
isbn = {0301-679X},
issn = {0301679X},
journal = {Tribology International},
keywords = {Compressible lubricant,Dimples,Hydrodynamic lubrication,Parallel Bearing,Parallel slider bearings,Slider Bearing,Surface texturing,Texturing,Theoretical},
mendeley-tags = {Dimples,Parallel Bearing,Slider Bearing,Texturing,Theoretical},
pages = {278--288},
publisher = {Elsevier},
title = {{The effect of texture shape on the friction coefficient and stiffness of gas-lubricated parallel slider bearings}},
url = {http://dx.doi.org/10.1016/j.triboint.2013.08.004},
volume = {67},
year = {2013}
}
@article{Qiu2011a,
abstract = {A series of experiments is conducted to examine the frictional characteristics of laser surface-textured, heat-treated 17-4 PH stainless steel specimens. Two dimple shapes are tested: circular and elliptical. The circular dimples are designed with different sizes, dimple densities and dimple depth-to-diameter ratios. It is found that the cavitation pressure (P $\backslash$n                        cav) in a circular dimple is strongly affected by the operational speed. The surface textured specimens provide low coefficient of friction compared with plain (dimple-free) surfaces. However, for the material used in the current experiments, the surface texture decreases the surfaces resistance to wear. ?? 2011 Elsevier Ltd. All rights reserved.},
annote = {• Experimentos para eaminar as caracter{\'{i}}stica de atrito em uma superf{\'{i}}cie texturizada a laser
• Testes com sulcos circulares e elipticos
• Diferentees tamanhos e densidade de sulcos para os circulares
• Press{\~{a}}o de cavita{\c{c}}{\~{a}}o no sulco circular {\'{e}} afetada pela velocidade de opera{\c{c}}{\~{a}}o
• Baixo coeficiente de atrito se comparado a superf{\'{i}}cies sem sulcos.
• Para o a{\c{c}}o inoxid{\'{a}}vel 17-4 PH, a resist{\^{e}}ncia ao desgaste foi reduzida
• Para uma densidade de {\'{a}}rea dos sulcos, a performace do coeficiente de atrito {\'{e}} relacionada com a rela{\c{c}}{\~{a}}o profundidade-di{\^{a}}metro do sulco.
• O tamanho do sulco afeta a capacidade de carga
• Sulcos elipticos orientados circularmente tem melhor performace},
author = {Qiu, Y. and Khonsari, M. M.},
doi = {10.1016/j.triboint.2011.01.003},
file = {:C$\backslash$:/Users/User/AppData/Local/Mendeley Ltd./Mendeley Desktop/Downloaded/Qiu, Khonsari - 2011 - Experimental investigation of tribological performance of laser textured stainless steel rings.pdf:pdf},
isbn = {0301-679X},
issn = {0301679X},
journal = {Tribology International},
keywords = {Laser surface texture,Mechanical face seal,Thrust bearing},
number = {5},
pages = {635--644},
publisher = {Elsevier},
title = {{Experimental investigation of tribological performance of laser textured stainless steel rings}},
url = {http://dx.doi.org/10.1016/j.triboint.2011.01.003},
volume = {44},
year = {2011}
}
@article{Qiu2011b,
annote = {• Uso de um algoritmo com JFO {\'{e}} usado para prever perfomace de selos e thrust bearings texturizados com sulcos
• Algoritmo com conserva{\c{c}}{\~{a}}o de massa
• Capacidade de suportar cargas para sulcos uniformemente distribuidos {\'{e}} limitada
• Estudo da aspereza superficial 
• Os efeitos estud{\~{a}}o s{\~{a}}o: espessura do filme lubrificante, rela{\c{c}}{\~{a}}o profundidade-di{\^{a}}metro, densidade de sulcos, 
press{\~{a}}o de cavita{\c{c}}{\~{a}}o, "leakage" e profundidade, press{\~{a}}o ambiente e atrito
• O efeito de aspereza usado {\'{e}} a formula{\c{c}}{\~{a}}o de Patir e Cheng
• Asperezas tem efeito positivo (?)
• Cavita{\c{c}}{\~{a}}o {\'{e}} relevante s{\'{o}} para filmes finos
• Existe produnfidade {\'{o}}timo para uma determinada velocidade de rota{\c{c}}{\~{a}}o
• Existe densidade {\'{o}}tima e esta depende da profundidade e velocidade de rota{\c{c}}{\~{a}}o
• Velocidade alta + Press{\~{a}}o de cavita{\c{c}}{\~{a}}o baixa = Alta capacidade de sustenta{\c{c}}{\~{a}}o
• Aspereza tem menos influ{\^{e}}ncia no atrito que a cavita{\c{c}}{\~{a}}o},
author = {Qiu, Y. and Khonsari, M. M.},
doi = {10.1115/1.4003303},
file = {:C$\backslash$:/Users/User/AppData/Local/Mendeley Ltd./Mendeley Desktop/Downloaded/Qiu, Khonsari - 2011 - Performance Analysis of Full-Film Textured Surfaces With Consideration of Roughness Effects.pdf:pdf},
issn = {07424787},
journal = {Journal of Tribology},
keywords = {algorithm,cavitation,mass-conservative,mechanical seals,roughness effects,surface texture,thrust bearings},
number = {2},
pages = {021704},
title = {{Performance Analysis of Full-Film Textured Surfaces With Consideration of Roughness Effects}},
volume = {133},
year = {2011}
}
@article{Qiu2009,
annote = {• Uso do modelo de cavit{\c{c}}{\~{a}}o JFO com conserva{\c{c}}{\~{a}}o de massa para prever comportamento da cavita{\c{c}}{\~{a}}o em superf{\'{i}}cies planas com sulcos (dimples)
• Usa "multgrid" para encontrar a solu{\c{c}}{\~{a}}o
• JFO consegue prever as regi{\~{o}}es de cavita{\c{c}}{\~{a}}o em superf{\'{i}}cies planas com sulcos
• Para diferentes tamanhos de sulcos, Half Sommerfeld e Reynolds d{\~{a}}o resultados diferentes (quanto maior o tamanho, maior a diferen{\c{c}}a)},
author = {Qiu, Y. and Khonsari, M. M.},
doi = {10.1115/1.3176994},
file = {:C$\backslash$:/Users/User/AppData/Local/Mendeley Ltd./Mendeley Desktop/Downloaded/Qiu, Khonsari - 2009 - On the Prediction of Cavitation in Dimples Using a Mass-Conservative Algorithm.pdf:pdf},
issn = {07424787},
journal = {Journal of Tribology},
keywords = {cavitation,dimples,hydrodynamic,jfo theory,mass-conservative algorithm},
number = {4},
pages = {041702},
title = {{On the Prediction of Cavitation in Dimples Using a Mass-Conservative Algorithm}},
volume = {131},
year = {2009}
}
@article{Qiu2011,
annote = {• Experimentos para determinar o comportamento tribol{\'{o}}gico dee um sulco em espiral em um mancal thrust
• Pontos de transi{\c{c}}{\~{a}}o do regime HD para o misto s{\~{a}}o estabelecidos
• O {\^{a}}ngulo da espiral tem influ{\^{e}}ncia no coeficiente de atrito e na performace tribol{\'{o}}gica.
• Uma espiral com angulo menor resulta em um coeficiente de atrito menor que uma espiral com angulo maior.},
author = {Qiu, Y. and Khonsari, M. M.},
doi = {10.1016/j.triboint.2011.05.008},
file = {:C$\backslash$:/Users/User/AppData/Local/Mendeley Ltd./Mendeley Desktop/Downloaded/Qiu, Khonsari - 2011 - Investigation of tribological behaviors of annular rings with spiral groove.pdf:pdf},
issn = {0301-679X},
journal = {Tribiology International},
keywords = {Mechanical face seal,Spiral groove,Stribeck curve,Thrust bearing},
number = {12},
pages = {1610--1619},
publisher = {Elsevier},
title = {{Investigation of tribological behaviors of annular rings with spiral groove}},
url = {http://dx.doi.org/10.1016/j.triboint.2011.05.008},
volume = {44},
year = {2011}
}
@article{Reynolds1886,
author = {Reynolds, O.},
file = {:C$\backslash$:/Users/User/AppData/Local/Mendeley Ltd./Mendeley Desktop/Downloaded/Reynolds - 1886 - On the Theory of Lubrication and Its Application to Mr. Beauchamp Tower's Experiments, Including an Experimental Deter.pdf:pdf},
journal = {Society},
number = {1886},
pages = {157--234},
title = {{On the Theory of Lubrication and Its Application to Mr. Beauchamp Tower's Experiments, Including an Experimental Determination of the Viscosity of Olive Oil}},
volume = {177},
year = {1886}
}
@article{Rhander2009,
annote = {• Investigar a efici{\^{e}}ncia da texturiza{\c{c}}{\~{a}}o a laser em rela{\c{c}}{\~{a}}o ao jateamento de part{\'{i}}culas duras
• Foram conduzidos ensaios de vida e risco com carga progressiva
• Os resultados s{\~{a}}o similares nos dois casos
• A texturiza{\c{c}}{\~{a}}o a laser apresentou uma melhor aderencia {\`{a}} superf{\'{i}}cie nos ensaios de risco.},
author = {Rhander, Viana and Filho, Antonio Favero and Fonseca, Marcelo Dias and Machado, {\'{A}}lisson Rocha and Lima, Milton S{\'{e}}rgio Fernandes and da Silva, Washigton Martins},
file = {:C$\backslash$:/Users/User/AppData/Local/Mendeley Ltd./Mendeley Desktop/Downloaded/Rhander et al. - 2009 - An{\'{a}}lise do desempenho de insertos de metal duro texturizados a laser e revestidos em ensaios de usinagem e de ad.pdf:pdf},
title = {{An{\'{a}}lise do desempenho de insertos de metal duro texturizados a laser e revestidos em ensaios de usinagem e de adesividade de revestimentos}},
year = {2009}
}
@article{Sahlin2007,
annote = {• Algoritmo de cavita{\c{c}}{\~{a}}o que aceita qualquer rela{\c{c}}{\~{a}}o de densiddade e press{\~{a}}o
• A rela{\c{c}}{\~{a}}o agora pode ser modelada de forma realista atrav{\'{e}}s do contato.
• O algortimo usa preserva{\c{c}}{\~{a}}o de massa para cavita{\c{c}}{\~{o}}es com geometrias e mancal
• Crucial a conserva{\c{c}}{\~{a}}o de massa para superf{\'{i}}cies rugosas
• Modelos de compressibilidade diferentes apresentam resultados bem diferentes em uma faixa de press{\~{a}}o HD
• A capacidade de carga {\'{e}} sens{\'{i}}vel ao tipo de rela{\c{c}}{\~{a}}o de compressibilidade usada se houver escassez de {\'{o}}leo, logo existe a necessidade de aplicar rela{\c{c}}{\~{o}}es de densidade e press{\~{a}}o reais.
• {\'{E}} necess{\'{a}}rio usar mais vari{\'{a}}veis f{\'{i}}sica para se obter melhores resultados, como a viscosidade..
• A rugosidade superficla pr{\'{o}}xima a regi{\~{a}}o de entrada do {\'{o}}leo tem efeito importante na capacidade de sustenta{\c{c}}{\~{a}}o de carga},
author = {Sahlin, Fredrik and Almqvist, Andreas and Larsson, Roland and Glavatskih, Sergei},
doi = {10.1016/j.triboint.2007.02.009},
file = {:C$\backslash$:/Users/User/AppData/Local/Mendeley Ltd./Mendeley Desktop/Downloaded/Sahlin et al. - 2007 - A cavitation algorithm for arbitrary lubricant compressibility.pdf:pdf},
issn = {0301679X},
journal = {Tribology International},
keywords = {cavitation,hydrodynamic lubrication},
number = {8},
pages = {1294--1300},
title = {{A cavitation algorithm for arbitrary lubricant compressibility}},
url = {http://linkinghub.elsevier.com/retrieve/pii/S0301679X07000400},
volume = {40},
year = {2007}
}
@article{Scaraggi2014,
abstract = {We have investigated the friction properties of lubricated laser micro-textured surfaces. The micro-texture consists of a square lattice of micro-holes whose diameter, depth and spacing are controlled during the laser texturing process. All surfaces have the same texture area density, but different diameters and depths of the micro-holes. We measure the coefficient of friction on a range of sliding velocities from the mixed lubrication regime to the hydrodynamic regime. We find that the depth and the diameter of the micro-holes have a huge influence in determining the amount of friction reduction at the interface. Interestingly experiments also show that optimal micro-hole depth values, minimizing the friction in the hydrodynamic regime, are remarkably effective also in the mixed lubrication regime. {\textcopyright} 2014 Elsevier Ltd.},
annote = {• Experimental
• Profundiade e di{\^{a}}metro dos micro sulcos tem grande influ{\^{e}}ncia na redu{\c{c}}{\~{a}}o do atrito
• Valores {\'{o}}timos de profundidamente no regime HD tamb{\'{e}}m s{\~{a}}o eficientes no regime misto},
author = {Scaraggi, Michele and Mezzapesa, Francesco P. and Carbone, Giuseppe and Ancona, Antonio and Sorgente, Donato and Lugar{\`{a}}, Pietro Mario},
doi = {10.1016/j.triboint.2014.03.014},
file = {:C$\backslash$:/Users/User/AppData/Local/Mendeley Ltd./Mendeley Desktop/Downloaded/Scaraggi et al. - 2014 - Minimize friction of lubricated laser-microtextured-surfaces by tuning microholes depth.pdf:pdf},
issn = {0301679X},
journal = {Tribology International},
keywords = {Dimples,Experimental,Friction,HD,LST,Laser ablation,Lubrication,Mixed,Surface texturing},
mendeley-tags = {Dimples,Experimental,HD,LST,Mixed},
number = {January},
pages = {123--127},
title = {{Minimize friction of lubricated laser-microtextured-surfaces by tuning microholes depth}},
url = {http://dx.doi.org/10.1016/j.triboint.2014.03.014},
volume = {75},
year = {2014}
}
@article{Schille2015,
author = {Schille, Joerg},
doi = {10.2961/jlmn.2015.03.0002},
file = {:C$\backslash$:/Users/User/AppData/Local/Mendeley Ltd./Mendeley Desktop/Downloaded/Schille - 2015 - Experimental Study on Laser Surface Texturing for Friction Coefficient Enhancement.pdf:pdf},
issn = {18800688},
journal = {Journal of Laser Micro/Nanoengineering},
keywords = {coefficient of friction,dimple-shaped,friction,laser surface texturing,micro structure},
number = {3},
pages = {245--253},
title = {{Experimental Study on Laser Surface Texturing for Friction Coefficient Enhancement}},
url = {http://www.jlps.gr.jp/jlmn/index.php?action=laser{\_}volno{\&}volno=1003},
volume = {10},
year = {2015}
}
@article{Sharma2015,
author = {Sharma, Nitin and Kango, Saurabh and Tayal, Ashwani and Sharma, Rajesh K. and Sunil},
doi = {10.1080/10402004.2015.1094840},
file = {:C$\backslash$:/Users/User/AppData/Local/Mendeley Ltd./Mendeley Desktop/Downloaded/Sharma et al. - 2015 - Investigations on the influence of surface texturing on a couple stress fluid based Journal bearing by using JFO.pdf:pdf},
issn = {1040-2004},
journal = {Tribology Transactions},
number = {SEPTEMBER},
pages = {1--29},
title = {{Investigations on the influence of surface texturing on a couple stress fluid based Journal bearing by using JFO boundary conditions}},
url = {http://www.tandfonline.com/doi/full/10.1080/10402004.2015.1094840},
year = {2015}
}
@article{Shi2000,
annote = {• Modelo deterministico tratando da interface entre um superf{\'{i}}cie r{\'{i}}gida lisa e uma superf{\'{i}}cie estacion{\'{a}}ria rugosa e el{\'{a}}stica.
• Foram consideradas as deforma{\c{c}}{\~{o}}es cisalhantes e normais da superf{\'{i}}cie el{\'{a}}stica
• Foi considerado cavita{\c{c}}{\~{a}}o inter-aspera
• Condi{\c{c}}{\~{o}}es de contorno JFo usando o m{\'{e}}todo de Elrod
• FFT para an{\'{a}}lise dos contatos
• Deve-se considerar intercavita{\c{c}}{\~{a}}o, deforma{\c{c}}{\~{a}}o cisalhante e efeito micro EHL na modelagem de lubrifica{\c{c}}{\~{a}}o mista para entender problemas soft EHL.
• Deforma''c{\~{a}}o cisalhante das asperezas {\'{e}} importante na prevens{\~{a}}o do "leakage"},
author = {Shi, F. and Salant, R. F.},
doi = {10.1115/1.555358},
file = {:C$\backslash$:/Users/User/AppData/Local/Mendeley Ltd./Mendeley Desktop/Downloaded/Shi, Salant - 2000 - Elastohydrodynamic Lubrication Model With Interasperity Cavitation and Surface Shear Deformation.pdf:pdf},
isbn = {0742-4787},
issn = {07424787},
journal = {Transactions of the ASME},
number = {January},
pages = {308--316},
title = {{Elastohydrodynamic Lubrication Model With Interasperity Cavitation and Surface Shear Deformation}},
volume = {122},
year = {2000}
}
@article{Shi1998a,
annote = {• Considera efeitos da rugosidade
• Considera efeitos da aspereza de contato
• Considera efeitos t{\'{e}}rmicos 
• Considera efeitos termo-el{\'{a}}sticos para deforma{\c{c}}{\~{o}}es
• Usa elementos finitos e diferen{\c{c}}as finitas
• M{\'{e}}todo iterativo para solu{\c{c}}{\~{a}}o
• Deforma{\c{c}}{\~{a}}o estrutural, lubrifica{\c{c}}{\~{a}}o e contato de asperezas s{\~{a}}o fun{\c{c}}{\~{a}}o da temperatura
• Atrito devido ao contato das asperezas provoca aquecimento
• Considera tamb{\'{e}}m press{\~{a}}o hidrodin{\^{a}}mica e press{\~{a}}o de contato
• Considera journal, lubrificante e mancal como um sistema integrado
• Para problemas de lubrifica{\c{c}}{\~{a}}o TEHD mista, deve-se considerar os efeitos da rugosidade na lubrifica{\c{c}}{\~{a}}o e na transfer{\^{e}}ncia de calor},
author = {Shi, F. and Wang, Q.},
doi = {10.1115/1.2834410},
file = {:C$\backslash$:/Users/User/AppData/Local/Mendeley Ltd./Mendeley Desktop/Downloaded/Shi, Wang - 1998 - A Mixed-TEHD Model for Journal-Bearing Conformal Contacts—Part I Model Formulation and Approximation of Heat Transfer.pdf:pdf},
issn = {07424787},
journal = {Journal of Tribology},
number = {2},
pages = {198},
title = {{A Mixed-TEHD Model for Journal-Bearing Conformal Contacts—Part I: Model Formulation and Approximation of Heat Transfer Considering Asperity Contact}},
url = {http://tribology.asmedigitalcollection.asme.org/article.aspx?articleid=1465711},
volume = {120},
year = {1998}
}
@article{Shi1998,
annote = {• Aplica modelo de contato de asperezas de Lee e Ren
• Considera journal bearings com alta carga
• Modelos para journal bearings precisam ser melhores que HD, THD e TEHD. Devem considerar o modelo misto TEHD.
• Artigo estuda o comportamento das simula{\c{c}}{\~{o}}es em diferentes condi{\c{c}}{\~{o}}es de transfer{\^{e}}ncia de calor.
• Necess{\'{a}}rio para investigar performace de contatos conformais em journal bearings 
• Quando considera-se efeitos t{\'{e}}rmicos, a carga gerada pela aspereza de contato n{\~{a}}o diminui linearmente com o aumento da velocidade
• A velocidade aumenta o efeito hidrodin{\^{a}}mico, mas tamb{\'{e}}m aumenta a quantidade de calor gerada
• Tamb pequena = contato das asperezas aumentam com a temperatura
• Tamb grande = contato das asperezas diminuem com a temperatura
• Viscosidade diminui rapidamente com aumento do calor por atrito para Tamb pequena
• Viscosidade diminui gradativamente e efeitos hidrodin{\^{a}}micos controlam a espessura do filme lubrificante
• Aconteceu um fen{\^{o}}meno de transferecia da {\'{a}}rea de contato das asperezas de "edge" para uma {\'{a}}rea central global. Fen{\^{o}}meno pode estar associado com o processo de transi{\c{c}}{\~{a}}o da lubrifica{\c{c}}{\~{a}}o ou pela expens{\~{a}}o t{\'{e}}rmica diferente do interior e exterior do mancal.},
author = {Shi, F. and Wang, Q. and Lee, S. C.},
doi = {10.1115/1.2834411},
file = {:C$\backslash$:/Users/User/AppData/Local/Mendeley Ltd./Mendeley Desktop/Downloaded/Shi, Wang, Lee - 1998 - A Mixed-TEHD Model for Journal-Bearing Conformal Contact — Part II Contact , Film Thickness , and Performance A.pdf:pdf},
issn = {07424787},
number = {April},
pages = {206--213},
title = {{A Mixed-TEHD Model for Journal-Bearing Conformal Contact — Part II : Contact , Film Thickness , and Performance Analyses}},
volume = {120},
year = {1998}
}
@article{Sudeep2013,
annote = {• Estudo experimental
• Vibra{\c{c}}{\~{a}}o e atrito s{\~{a}}o dependentes entre si
• Atrito e vibra{\c{c}}{\~{a}}o de contatos de ponto em superf{\'{i}}cies texturizadas
• Redu{\c{c}}{\~{a}}o no coeficiente de atrito se comparado a superf{\'{i}}cies lisas
• Redu{\c{c}}{\~{a}}o do coeficiente de atrito {\'{e}} maior em velocidades maior devido a reten{\c{c}}{\~{a}}o de lubrificante pelos micri sulcos
• Aumento de temperatura diminui com textura devido a lubrifica{\c{c}}{\~{a}}o efetiva
• N{\'{i}}veis de vibra{\c{c}}{\~{a}}o n{\~{a}}o foi muito afetada pela texturiza{\c{c}}{\~{a}}o
• Diminui{\c{c}}{\~{a}}o na reson{\^{a}}ncia de contato e aplitude s{\~{a}}o observada em superf{\'{i}}cies texturizadas},
author = {Sudeep, U. and Pandey, R.K. and Tandon, N.},
doi = {10.1016/j.triboint.2013.02.023},
file = {:C$\backslash$:/Users/User/AppData/Local/Mendeley Ltd./Mendeley Desktop/Downloaded/Sudeep, Pandey, Tandon - 2013 - Effects of surface texturing on friction and vibration behaviors of sliding lubricated concentrated poin.pdf:pdf},
issn = {0301679X},
journal = {Tribology International},
keywords = {Experimental,Friction coefficient,Lubricated point contacts,Surface texturing,Texturing,Vibration,lubricated point contacts},
mendeley-tags = {Experimental,Texturing,Vibration},
pages = {198--207},
publisher = {Elsevier},
title = {{Effects of surface texturing on friction and vibration behaviors of sliding lubricated concentrated point contacts under linear reciprocating motion}},
url = {http://linkinghub.elsevier.com/retrieve/pii/S0301679X13000741},
volume = {62},
year = {2013}
}
@article{Sudeep2015,
author = {Sudeep, U. and Tandon, N. and Pandey, R. K.},
doi = {10.1115/1.4029770},
file = {:C$\backslash$:/Users/User/AppData/Local/Mendeley Ltd./Mendeley Desktop/Downloaded/Sudeep, Tandon, Pandey - 2015 - Performance of Lubricated RollingSliding Concentrated Contacts With Surface Textures A Review.pdf:pdf},
issn = {0742-4787},
journal = {Journal of Tribology},
keywords = {and noise,contact fatigue,contact vibration,rolling,sliding concentrated contacts,surface contacts and micro-textures,tribological behaviors},
number = {3},
pages = {031501},
title = {{Performance of Lubricated Rolling/Sliding Concentrated Contacts With Surface Textures: A Review}},
url = {http://tribology.asmedigitalcollection.asme.org/article.aspx?doi=10.1115/1.4029770},
volume = {137},
year = {2015}
}
@article{Suh2015,
annote = {• Modelagem considerando deforma{\c{c}}{\~{a}}o el{\'{a}}stica da almofada, com um procedimento n{\~{a}}o linear transiente, adotando redu{\c{c}}{\~{a}}o de coordenadas modais por meio da sele{\c{c}}{\~{a}}o dos modos que governam o comportamento din{\^{a}}mico da almofada
• Teoria de contato de Hertz foi usada},
author = {Suh, Junho and Palazzolo, Alan},
doi = {10.1115/1.4030020},
file = {:C$\backslash$:/Users/User/AppData/Local/Mendeley Ltd./Mendeley Desktop/Downloaded/Suh, Palazzolo - 2015 - Three-Dimensional Dynamic Model of TEHD Tilting-Pad Journal Bearing—Part I Theoretical Modeling(3).pdf:pdf},
issn = {0742-4787},
journal = {Journal of Tribology},
keywords = {3D,FEM,Journal Bearing,TEHD,Theoretical,Thermal},
mendeley-tags = {3D,FEM,Journal Bearing,TEHD,Theoretical,Thermal},
number = {4},
pages = {041703},
title = {{Three-Dimensional Dynamic Model of TEHD Tilting-Pad Journal Bearing—Part I: Theoretical Modeling}},
url = {http://tribology.asmedigitalcollection.asme.org/article.aspx?doi=10.1115/1.4030020},
volume = {137},
year = {2015}
}
@article{Suh2015,
author = {Suh, Junho and Palazzolo, Alan},
doi = {10.1115/1.4030020},
file = {:C$\backslash$:/Users/User/AppData/Local/Mendeley Ltd./Mendeley Desktop/Downloaded/Suh, Palazzolo - 2015 - Three-Dimensional Dynamic Model of TEHD Tilting-Pad Journal Bearing—Part II Parametric Studies.pdf:pdf},
issn = {0742-4787},
journal = {Journal of Tribology},
number = {4},
pages = {041703},
title = {{Three-Dimensional Dynamic Model of TEHD Tilting-Pad Journal Bearing—Part II: Parametric Studies}},
url = {http://tribology.asmedigitalcollection.asme.org/article.aspx?doi=10.1115/1.4030020},
volume = {137},
year = {2015}
}
@article{Sun2008,
annote = {• An{\'{a}}lise dos efeitos t{\'{e}}rmicos em um mancal de virabrequim
• Efeitos t{\'{e}}rmicos tem influ{\^{e}}ncia na {\'{o}}rbita do eixo do mancal. A raz{\~{a}}o de excentricidade muda com os efeitos t{\'{e}}rmicos
• A press{\~{a}}o m{\'{a}}xima aumenta consideravelmente qundo considera-se efeitos t{\'{e}}rmicos e a camada minima de {\'{o}}leo se reduz
• Os efeitos t{\'{e}}rmicos tem pouca influ{\^{e}}ncia nos mancais
• Ingl{\^{e}}s horr{\'{i}}vel},
author = {Sun, Jun and Liu, Jianglin and Gui, Changlin},
doi = {10.4271/2011-01-0613},
file = {:C$\backslash$:/Users/User/AppData/Local/Mendeley Ltd./Mendeley Desktop/Downloaded/Sun, Liu, Gui - 2008 - Thermoelastohydrodynamic Lubrication Analysis of Crankshaft Bearing Considering Crankshaft Deformation under Load.pdf:pdf},
keywords = {Journal Bearing,TEHD,Theoretical,Thermal,bearing,crankshaft deformation,elastohydrodynamic lubrication,ic engine,thermal effects},
mendeley-tags = {Journal Bearing,TEHD,Theoretical,Thermal},
number = {1},
pages = {112--115},
title = {{Thermoelastohydrodynamic Lubrication Analysis of Crankshaft Bearing Considering Crankshaft Deformation under Load}},
year = {2008}
}
@article{Syed2014,
abstract = {Although, Reynolds equation is widely used in thin film lubrication, its use in textured surfaces is not fully convincing, especially while operating in moderate to high Reynolds numbers. Fluid inertia which is generally neglected in Reynolds equation becomes significant. Therefore, an attempt has been made to study the lubricating performance of textured parallel sliding contacts considering fluid inertia effect. The modified Reynolds equation is derived from Navier-Stokes equation assuming suitable velocity profiles and retaining the inertia terms, and solved iteratively using finite difference method. The result shows that fluid inertia effect is influential in altering the performance parameters. ?? 2013 Elsevier Ltd.},
annote = {• Diferen{\c{c}}as finitas para resolvera eq. de Reynolds modificada, considerando efeitos de in{\'{e}}rcia
• Estudar a influ{\^{e}}ncia do formato das texturas, considerando os efeitos de in{\'{e}}rcia, na performace da lubrifica{\c{c}}{\~{a}}o hidrodin{\^{a}}mica
• Forma e tamanho s{\~{a}}o vitais para a melhora da performace da lubrifica{\c{c}}{\~{a}}o e o efeito de in{\'{e}}rcia tem influ{\^{e}}ncia nos par{\^{a}}metros de performace
• Texturas hexagonais pordem ser usadas para atiginr melhores resultados
• N{\'{u}}mero de texturas na dire{\c{c}}{\~{a}}o transversal pode ser pequenos para melhores resultados
• O {\^{a}}ngulo de orienta{\c{c}}{\~{a}}o da textura tem influ{\^{e}}ncia no resultado},
author = {Syed, Ismail and Sarangi, M.},
doi = {10.1016/j.triboint.2013.08.011},
file = {:C$\backslash$:/Users/User/AppData/Local/Mendeley Ltd./Mendeley Desktop/Downloaded/Syed, Sarangi - 2014 - Hydrodynamic lubrication with deterministic micro textures considering fluid inertia effect.pdf:pdf},
issn = {0301679X},
journal = {Tribology International},
keywords = {Fluid inertia,HD,Inertia,Orientation,Parallel sliding contacts,Surface textures,Texturing,Theoretical},
mendeley-tags = {HD,Inertia,Texturing,Theoretical},
pages = {30--38},
publisher = {Elsevier},
title = {{Hydrodynamic lubrication with deterministic micro textures considering fluid inertia effect}},
url = {http://dx.doi.org/10.1016/j.triboint.2013.08.011},
volume = {69},
year = {2014}
}
@article{Tala-Ighil2007,
annote = {• An{\'{a}}lise num{\'{e}}rica de um mancal journal com sulcos esf{\'{e}}ricos. 
• As caracter{\'{i}}sticas tribol{\'{o}}gicas, como espessura minima de filme, press{\~{a}}o m{\'{a}}xima e toruqe de atrito podem ser melhoradas para geometrias e distribui{\c{c}}{\~{a}}o de sulcos apropriadas
•},
author = {Tala-Ighil, N. and Maspeyrot, P. and Fillon, M. and Bounif, A.},
doi = {10.1243/13506501JET287},
file = {:C$\backslash$:/Users/User/Dropbox/Jonatha/Mestrado/Tese/Artigos/Proceedings of the Institution of Mechanical Engineers, Part J- Journal of Engineering Tribology-2007-Tala-Ighil-623-33 (1).pdf:pdf},
issn = {1350-6501},
journal = {Proceedings of the Institution of Mechanical Engineers, Part J: Journal of Engineering Tribology},
keywords = {dimples,finite-,hydrodynamic lubrication,journal bearing,textured surface},
number = {6},
pages = {623--633},
title = {{Effects of surface texture on journal-bearing characteristics under steady-state operating conditions}},
url = {http://pij.sagepub.com/lookup/doi/10.1243/13506501JET287},
volume = {221},
year = {2007}
}
@article{Tala-Ighil2011,
abstract = {A growing interest is given to the textured hydrodynamic lubricated contacts. The use of textured surfaces with different shapes of microcavities (textures) and at different locations of the texture zone can be an effective approach to improve the performance of bearings. The present study examines the texture location influence on the hydrodynamic journal bearing performance. A numerical modelling is used to analyze the cylindrical texture shape effect on the characteristics of a hydrodynamic journal bearing. The theoretical results show that the most important characteristics can be improved through an appropriate arrangement of the textured area on the contact surface. ?? 2010 Elsevier Ltd. All rights reserved.},
annote = {• Estuda a influ{\^{e}}ncia da localiza{\c{c}}{\~{a}}o da textura na performace do mancal journal
• Efeitos de in{\'{e}}rcia tem influ{\^{e}}ncia negativa na performace hidrodin{\^{a}}mica
• Modelo baseado em diferen{\c{c}}as finitas
• Superf{\'{i}}cie lisa e rigida
• A {\'{a}}rea de textura {\'{o}}tima depende da condi{\c{c}}{\~{a}}o de opera{\c{c}}{\~{a}}o e da geometria do mancal},
author = {Tala-Ighil, N. and Fillon, M. and Maspeyrot, P.},
doi = {10.1016/j.triboint.2010.10.003},
file = {:C$\backslash$:/Users/User/AppData/Local/Mendeley Ltd./Mendeley Desktop/Downloaded/Tala-Ighil, Fillon, Maspeyrot - 2011 - Effect of textured area on the performances of a hydrodynamic journal bearing.pdf:pdf},
isbn = {0301-679X},
issn = {0301679X},
journal = {Tribology International},
keywords = {Finite difference method,Hydrodynamic lubrication,Journal bearing,Textures},
number = {3},
pages = {211--219},
publisher = {Elsevier},
title = {{Effect of textured area on the performances of a hydrodynamic journal bearing}},
url = {http://dx.doi.org/10.1016/j.triboint.2010.10.003},
volume = {44},
year = {2011}
}
@article{Tonder2010,
abstract = {Surface texturing effects on the properties of pivoted plane hydrodynamic bearings are studied by numerical simulation based on the Reynolds equation. The texturing, in the form of dimples, covers the whole bearing surface. The calculations employed are more dependable than those previously used by the author. It is found that under certain operating conditions, friction is increased but the specific load capacity is increased even more. This results in a reduction in the coefficient of friction. Dynamic coefficients such as lubricant film stiffness and damping may also be improved under certain conditions. However, it is found that conditions giving high stiffness also give high coefficients of friction. ?? 2010 Elsevier Ltd.},
annote = {• Texturiza{\c{c}}{\~{a}}o total
• Para alguns regimes de opera{\c{c}}{\~{a}}o o atrito {\'{e}} aumentado, mas a capacidade de carga {\'{e}} aumentada ainda mais, resultando num coeficiente de atrito menor
• Resist{\^{e}}ncia do lubrificante e amortecimento tamb{\'{e}}m podem ser melhorados sob algumas condi{\c{c}}{\~{o}}es},
author = {Tonder, K.},
doi = {10.1016/j.triboint.2010.08.001},
file = {:C$\backslash$:/Users/User/AppData/Local/Mendeley Ltd./Mendeley Desktop/Downloaded/Tonder - 2010 - Dimpled pivoted plane bearings Modified coefficients.pdf:pdf},
issn = {0301679X},
journal = {Tribology International},
keywords = {Bearing coefficients,Hydrodynamic lubrication,Texturing},
number = {12},
pages = {2303--2307},
publisher = {Elsevier},
title = {{Dimpled pivoted plane bearings: Modified coefficients}},
url = {http://dx.doi.org/10.1016/j.triboint.2010.08.001},
volume = {43},
year = {2010}
}
@article{Vijayaraghavan1989,
abstract = {A numerical procedure to predict the effects of gaseous cavitation in moderately to heavily loaded bearings is developed. The method is an outgrowth of the Elrod algorithm which is simple to use and which automatically implements cavitation boundary conditions at film rupture and reformation. The current procedure makes use of type differencing in the shear induced flow formulation to automatically switch from central to upwind differences, and vice versa, at cavitation boundaries. Comparison is made with the results obtained using Elrod's algorithm for various test cases involving both slider and journal bearings.},
author = {Vijayaraghavan, D. and Keith, T. G.},
doi = {10.1080/10402008908981882},
file = {:C$\backslash$:/Users/User/AppData/Local/Mendeley Ltd./Mendeley Desktop/Downloaded/Vijayaraghavan, Keith - 1989 - Development and Evaluation of a Cavitation Algorithm.pdf:pdf},
issn = {1040-2004},
journal = {Tribology Transactions},
number = {2},
pages = {225--233},
title = {{Development and Evaluation of a Cavitation Algorithm}},
volume = {32},
year = {1989}
}
@article{Vijayaraghavan1990,
abstract = {In this paper, an implicit numerical scheme, based on an approximate factorization technique, is applied to a cavitation algorithm. The algorithm is a modified version of the Elrod cavitation algorithm, which automatically predicts film rupture and reformation in bearings. An aligned finite grooved bearing and a flared, misaligned line grooved bearing are analyzed using this new approach},
author = {Vijayaraghavan, D and Keith, T},
file = {:C$\backslash$:/Users/User/AppData/Local/Mendeley Ltd./Mendeley Desktop/Downloaded/Vijayaraghavan, Keith - 1990 - An Efficient, Robust, and Time Accurate Numerical Scheme Applied to a Cavitation Algorithm.pdf:pdf},
issn = {07424787},
journal = {Journal of Computational and Applied mathematics},
number = {January},
pages = {44--51},
title = {{An Efficient, Robust, and Time Accurate Numerical Scheme Applied to a Cavitation Algorithm}},
volume = {112},
year = {1990}
}
@article{Wang2005,
annote = {• Texturiza{\c{c}}{\~{a}}o Virtual!
• Estabelecer rela{\c{c}}{\~{a}}o entre performace das texturas e lubrifica{\c{c}}{\~{a}}o de maneira num{\'{e}}rica
• Conceito de texturiza{\c{c}}{\~{a}}o
• Modelos involvidos
• Rela{\c{c}}{\~{o}}es prim{\'{a}}rias entre design dos sulcos e as caracter{\'{i}}sticas da lubrifica{\c{c}}{\~{a}}o mista para um t{\'{i}}pico contato counterformal
• {\'{A}}rea de influ{\^{e}}ncia dos sulcos e n{\'{u}}mero de interrup{\c{c}}{\~{o}}es (densidade de sulcos?) s{\~{a}}o os fatores chave para o design.
• A texturiza{\c{c}}{\~{a}}o virtual {\'{e}} capaz de fornecer informa{\c{c}}{\~{o}}es comparativas {\'{u}}teis para a confec{\c{c}}{\~{a}}o de designs de superf{\'{i}}cies novos e {\'{o}}timos.
• Pontos para texturiza{\c{c}}{\~{a}}o virtual:
1. gera{\c{c}}{\~{a}}o de superf{\'{i}}cie texturizada virtualmente baseada nos requisitos de opera{\c{c}}{\~{a}}o
2. an{\'{a}}lises de contato e lubrifica{\c{c}}{\~{a}}o para avalia{\c{c}}{\~{a}}o da performace
3. previs{\~{a}}o da efici{\^{e}}ncia, vida e evolu{\c{c}}{\~{a}}o da superf{\'{i}}cie
4. modifica{\c{c}}{\~{a}}o e otimiza{\c{c}}{\~{a}}o da superf{\'{i}}cie texturizada
5. verifica{\c{c}}{\~{a}}o experimental necess{\'{a}}ria
• Um design de textura com sulcos {\'{o}}timo para lubrifica{\c{c}}{\~{a}}o efetiva deve evitar a superposi{\c{c}}{\~{a}}o das {\'{a}}rea de influ{\^{e}}ncia dos sulcos.},
author = {Wang, Q. J. and Zhu, D.},
doi = {10.1115/1.2000273},
file = {:C$\backslash$:/Users/User/AppData/Local/Mendeley Ltd./Mendeley Desktop/Downloaded/Wang, Zhu - 2005 - Virtual Texturing Modeling the Performance of Lubricated Contacts of Engineered Surfaces.pdf:pdf},
issn = {07424787},
journal = {Journal of Tribology},
number = {4},
pages = {722},
title = {{Virtual Texturing: Modeling the Performance of Lubricated Contacts of Engineered Surfaces}},
url = {http://tribology.asmedigitalcollection.asme.org/article.aspx?articleid=1467402},
volume = {127},
year = {2005}
}
@article{Wang1997,
annote = {• Eq. de Reynolds derivada de Patir e Cheng para levar em conto efeitos da rugosidade no fluxo do lubrificante
• Usa elementos finitos para calcular deforma{\c{c}}{\~{a}}o do mancal
• Os principais fatores que influenciam a performace do journal bearing s{\~{a}}o a deforma{\c{c}}{\~{a}}o el{\'{a}}stica, o efeito da rugosidade superf{\'{i}}cial no lubrificante e a press{\~{a}}o de contato das asperezas.
• A press{\~{a}}o de contato m{\'{a}}xima ocorreu sempre nas bordas do mancal. A distribui{\c{c}}{\~{a}}o de press{\~{a}}o e a {\'{a}}rea de contato s{\~{a}}o fortemente dependentes da largura do mancal, da orienta{\c{c}}{\~{a}}o da rugosidade superf{\'{i}}cial, do carregamento e da velocidade},
author = {Wang, Qian (Jane) and Shi, Fanghui and Lee, Si C.},
doi = {10.1115/1.2833519},
file = {:C$\backslash$:/Users/User/AppData/Local/Mendeley Ltd./Mendeley Desktop/Downloaded/Wang, Shi, Lee - 1997 - A Mixed-Lubrication Study of Journal Bearing Conformal Contacts.pdf:pdf},
issn = {07424787},
journal = {Journal of Tribology},
number = {3},
pages = {456},
title = {{A Mixed-Lubrication Study of Journal Bearing Conformal Contacts}},
volume = {119},
year = {1997}
}
@article{Wang2003a,
abstract = {A fundamental issue of lubrication analysis is the calculation of surface deformation, which includes two major steps: determination of influence coefficients and multiplication and summation. There are various interpolation schemes, such as the bilinear interpolation, the piecewise constant function or Green's function, available for determining the influence coefficients, while the summation operation may be performed by using one of the following methods: direct summation (DS), multilevel multi-integration (MLMI) or the discrete convolution and fast Fourier transform (DC-FFT) method. To limit the periodical errors, the proper way to implement the DC-FFT method is described in detail. The computation efficiency and numerical accuracy are compared by applying the different methods to typical contact problems. The results show that the three methods can achieve comparable numerical accuracy, but the DC-FFT method shows much higher computation efficiency than the others, especially when a great number of grid points are involved. It is concluded that the DC-FFT method has great potential in applications to the numerical analysis of, for example, surface deformations and temperature rises.},
annote = {• Compara{\c{c}}{\~{a}}o entre os m{\'{e}}todos irect summation (DS), multilevel multi-integration (MLMI) e discrete convolution fast Fourier transform (DC-FFT)
• Os m{\'{e}}todos s{\~{a}}o usados em problemas de contato e comparados
• Os tr{\^{e}}s m{\'{e}}todo tem o potencial de atingir a mesma precis{\~{a}}o na solu{\c{c}}{\~{a}}o
• O m{\'{e}}todo DC-FFT tem uma efici{\^{e}}ncia computacional muito melhor que os outros, especialmente para malhas com muitos pontos.
• O m{\'{e}}odo DC-FFT tem potencial de aplica{\c{c}}{\~{a}}o em problemas de deforma{\c{c}}{\~{a}}o de superf{\'{i}}cies e aumentos de temperatura
• Deforma{\c{c}}{\~{a}}o superficial normal pode ser calculada a partir de dois passos: determinando os coeficientes de influ{\^{e}}ncia e multi-summation
• Tr{\^{e}}s m{\'{e}}todos de multi-summation: DS, MLMI e DC-FFT
• FFT {\'{e}} 3 vezes mais r{\'{a}}pido que MLMI},
author = {Wang, W. and Wang, H. and Liu, Y. and Hu, Y. and Zhu, D.},
doi = {10.1243/13506500360603570},
file = {:C$\backslash$:/Users/User/AppData/Local/Mendeley Ltd./Mendeley Desktop/Downloaded/Wang et al. - 2003 - A comparative study of the methods for calculation of surface elastic deformation.pdf:pdf},
isbn = {1350-6501},
issn = {1350-6501},
journal = {Proceedings of the Institution of Mechanical Engineers, Part J: Journal of Engineering Tribology},
keywords = {circular,fast fourier transform,multilevel multi-integration,surface deformation},
number = {2},
pages = {145--154},
title = {{A comparative study of the methods for calculation of surface elastic deformation}},
url = {http://journals.pepublishing.com/openurl.asp?genre=article{\&}id=doi:10.1243/13506500360603570},
volume = {217},
year = {2003}
}
@article{Wang2002,
annote = {• Estudo te{\'{o}}rico do comportamente de mancal Journal com ranhuras com stress acoplado, considerando cavita{\c{c}}{\~{a}}o e efeitos t{\'{e}}rmicos.
• Solu{\c{c}}{\~{a}}o de Reynolds usando algoritmo de cavita{\c{c}}{\~{a}}o de Elrod
• Capacidade de carga e coeficiente de atrito s{\~{a}}o influ{\^{e}}nciados pela exist{\^{e}}ncia de um stress acoplado no lubrificante.
• Compara{\c{c}}{\~{a}}o com resultados parece aceit{\'{a}}vel},
author = {Wang, X-L and Zhu, K-Q and Gui, C-L},
doi = {10.1243/135065002760364831},
file = {:C$\backslash$:/Users/User/AppData/Local/Mendeley Ltd./Mendeley Desktop/Downloaded/Wang, Zhu, Gui - 2002 - A study of a journal bearing lubricated by couple stress fluids considering thermal and cavitation effects.pdf:pdf},
issn = {1350-6501},
journal = {Proceedings of the Institution of Mechanical Engineers, Part J: Journal of Engineering Tribology},
keywords = {Cavitation,Grooves,JFO,Journal Bearing,Theoretical,Thermal,cavitation,couple stress,journal bearing,thermal effects},
mendeley-tags = {Cavitation,Grooves,JFO,Journal Bearing,Theoretical,Thermal},
number = {5},
pages = {293--305},
title = {{A study of a journal bearing lubricated by couple stress fluids considering thermal and cavitation effects}},
url = {http://pij.sagepub.com/lookup/doi/10.1243/135065002760364831},
volume = {216},
year = {2002}
}
@article{Wang2003,
abstract = {Lubrification},
annote = {• Usa mapeamento conformal nas equa{\c{c}}{\~{o}}es
• Aplica condi{\c{c}}{\~{o}}es de contorno de Reynolds e JFO nas eq. de Reynolds
• Journal Bearing + Thrust bearing = coupled bearing
• Leva em conta desalinhamento entre o conjunto
• An{\'{a}}lisa casos com e sem cavita{\c{c}}{\~{a}}o
• Aumento no angulo de desalinhamento provoca aumento da capacidade de suportar carga
• Diferen{\c{c}}as significativas quando considera-se cavita{\c{c}}{\~{a}}o no conjunto journal e thrust bearing
• Aumentar a viscosidade do lubrificante aumenta a capacidade de suportar carga dos mancais},
author = {Wang, Yansong and Wang, Q. Jane and Lin, Chih},
doi = {10.1115/1.1574519},
file = {:C$\backslash$:/Users/User/AppData/Local/Mendeley Ltd./Mendeley Desktop/Downloaded/Wang, Wang, Lin - 2003 - Mixed Lubrication of Coupled Journal-Thrust-Bearing Systems Including Mass Conserving Cavitation.pdf:pdf},
issn = {07424787},
journal = {Journal of Tribology},
number = {4},
pages = {747},
title = {{Mixed Lubrication of Coupled Journal-Thrust-Bearing Systems Including Mass Conserving Cavitation}},
url = {http://tribology.asmedigitalcollection.asme.org/article.aspx?articleid=1466969},
volume = {125},
year = {2003}
}
@article{Willis1986,
author = {Willis, E.},
doi = {10.1016/0043-1648(86)90278-4},
file = {:C$\backslash$:/Users/User/AppData/Local/Mendeley Ltd./Mendeley Desktop/Downloaded/Willis - 1986 - Surface finish in relation to cylinder liners.pdf:pdf},
issn = {00431648},
journal = {Wear},
number = {1-4},
pages = {351--366},
title = {{Surface finish in relation to cylinder liners}},
url = {http://linkinghub.elsevier.com/retrieve/pii/0043164886902784},
volume = {109},
year = {1986}
}
@article{Woloszynski2013,
author = {Woloszynski, T. and Podsiadlo, P. and Stachowiak, G. W.},
doi = {10.1007/s11249-013-0143-9},
file = {:C$\backslash$:/Users/User/AppData/Local/Mendeley Ltd./Mendeley Desktop/Downloaded/Woloszynski, Podsiadlo, Stachowiak - 2013 - Evaluation of discretisation and integration methods for the analysis of hydrodynamic bearin.pdf:pdf},
issn = {10238883},
journal = {Tribology Letters},
keywords = {Finite difference,Finite element,Finite volume,Hydrodynamic lubrication,Spectral element,Surface texture},
number = {1},
pages = {25--47},
title = {{Evaluation of discretisation and integration methods for the analysis of hydrodynamic bearings with and without surface texturing}},
volume = {51},
year = {2013}
}
@article{Woloszynski2015,
author = {Woloszynski, T. and Podsiadlo, P. and Stachowiak, G. W.},
doi = {10.1007/s11249-015-0487-4},
file = {:C$\backslash$:/Users/User/AppData/Local/Mendeley Ltd./Mendeley Desktop/Downloaded/Woloszynski, Podsiadlo, Stachowiak - 2015 - Efficient Solution to the Cavitation Problem in Hydrodynamic Lubrication.pdf:pdf},
issn = {1023-8883},
journal = {Tribology Letters},
keywords = {Elrod-Adams,Jakobson-Floberg-Olsson,cavitation,hydrodynamic lubrication,texturing},
number = {1},
title = {{Efficient Solution to the Cavitation Problem in Hydrodynamic Lubrication}},
url = {http://link.springer.com/10.1007/s11249-015-0487-4},
volume = {58},
year = {2015}
}
@article{Xiong*2006,
abstract = {When a conformal interface is under low velocity and heavy load conditions, solid contact (or dry contact) may occur even in a system with smooth surfaces. This paper presents two approaches for solving steady-state and transient mixed elastohydrodynamic lubrication problems of journal bearings with smooth surfaces under low rotating speed. The first approach uses the reduced Reynolds equation with a combined finite element-backward finite difference scheme and the second applies a zero film thickness equation to describe the mechanical behavior of mating surfaces at solid contact points. The major advantages of these two approaches are (1) no division of the solution domain into a lubricated area and a solid contact area is necessary and (2) the solid contact pressure, lubricant pressure, and eccentricity ratio can be solved simultaneously. Numerical examples are presented for the application of these approaches. For the steady-state cases under low velocity studied in this work, pressure distributions approach those found in a dry contact state. This comparison confirms that the contact treatments are proper. Moreover, a transient case under sinusoidal loading was analyzed with these two approaches, and the results showed good agreement. This comparison further supports the use of these approaches.},
author = {Xiong, S. and Wang, Q. J. and Liu, W. K. and Yang, Q. and Vaidyanathan, K. and Zhu, D. and Lin, C.},
doi = {10.1080/10402000600927662},
file = {:C$\backslash$:/Users/User/AppData/Local/Mendeley Ltd./Mendeley Desktop/Downloaded/Xiong et al. - 2006 - Approaching Mixed Elastohydrodynamic Lubrication of Smooth Journal-Bearing Systems with Low Rotating Speed.pdf:pdf},
isbn = {1040200060},
issn = {1040-2004},
journal = {Tribology Transactions},
number = {4},
pages = {598--610},
title = {{Approaching Mixed Elastohydrodynamic Lubrication of Smooth Journal-Bearing Systems with Low Rotating Speed}},
volume = {49},
year = {2006}
}
@article{Xiong2012,
annote = {• Payvar e Salant propuseram uma vers{\~{a}}o em diferen{\c{c}}as finitas da eq. universal de lubrifica{\c{c}}{\~{a}}o, baseados no algoritmo de Elrod 
• Artigo fala em usar o modelo de Payvar-Salant para testar a efici{\^{e}}ncia dos esquemas de aproxima{\c{c}}{\~{a}}o dos coeficientes de difus{\~{a}}o
- m{\'{e}}dia harm{\^{o}}nica, m{\'{e}}dia aritm{\'{e}}tica e ponto m{\'{e}}dio.
• Artigo investiga a efici{\^{e}}ncia dos solvers line-byline TDMA, SOR e Direct.
• Teste para lubrifica{\c{c}}{\~{a}}o hidrodin{\^{a}}mica de journal bearing
• O modelo usado n{\~{a}}o incorpora efeitos de in{\'{e}}rcia
• Direc solver tem maior efici{\^{e}}ncia computacional
• TDMA requer menor capacidade de armazenamento
• SOR pode trabalhar mais r{\'{a}}pido que TDMA para problemas com thrust bearings},
author = {Xiong, Shangwu and {Jane Wang}, Q.},
doi = {10.1115/1.4006615},
file = {:C$\backslash$:/Users/User/AppData/Local/Mendeley Ltd./Mendeley Desktop/Downloaded/Xiong, Jane Wang - 2012 - Steady-State Hydrodynamic Lubrication Modeled With the Payvar-Salant Mass Conservation Model.pdf:pdf},
issn = {07424787},
journal = {Journal of Tribology},
keywords = {HD,JFO,Journal Bearing,Theoretical,finite difference,hydrodynamic bearings,mass conservation},
mendeley-tags = {HD,JFO,Journal Bearing,Theoretical},
number = {3},
pages = {031703},
title = {{Steady-State Hydrodynamic Lubrication Modeled With the Payvar-Salant Mass Conservation Model}},
volume = {134},
year = {2012}
}
@article{Yi2013,
annote = {• O modelo de fluxo m{\'{e}}dico {\'{e}} desenvolvido para prever o efeito combinado de superf{\'{i}}cies texturizadas e rugosidade superficial, baseado no m{\'{e}}todo dos elementos finitos
• Usa o modelo para analisar os efeitos de sulcos com diferentes geometrias e orienta{\c{c}}{\~{o}}es em superf{\'{i}}cies lisas e rugosas.},
author = {Yi, X I E and Yongjian, L I and Shuangfu, S U O and Xiangfeng, L I U and Jinghao, L I and Yuming, Wang and Xie, Yi and Li, YongJian and Suo, ShuangFu and Liu, XiangFeng and Li, JingHao and Wang, YuMing},
doi = {10.1007/s11433-013-5217-z},
file = {:C$\backslash$:/Users/User/AppData/Local/Mendeley Ltd./Mendeley Desktop/Downloaded/Yi et al. - 2013 - A mass-conservative average flow model based on finite element method for complex textured surfaces.pdf:pdf},
issn = {1674-7348},
journal = {Science China Physics, Mechanics and Astronomy},
keywords = {Cavitation,Dimples,FEM,JFO,JFO boundary conditions,Texturing,Theoretical,complex textured surfaces,finite element method,mass-conservative average flow model},
mendeley-tags = {Cavitation,Dimples,FEM,JFO,Texturing,Theoretical},
number = {10},
pages = {1909--1919},
title = {{A mass-conservative average flow model based on finite element method for complex textured surfaces}},
url = {http://dx.doi.org/10.1007/s11433-013-5217-z},
volume = {56},
year = {2013}
}
@article{Zhang2002,
annote = {• An{\'{a}}lise transiente n{\~{a}}o newtoniana
• Cavita{\c{c}}{\~{a}}o com conserva{\c{c}}{\~{a}}o de massa
• Usa diferen{\c{c}}as finitas para resolver eq. de Reynolds, eq. de energia bidimensionl transiente, eq. de condu{\c{c}}{\~{a}}o bidimensional quase permanente e balan{\c{c}}o de calor
• Eq. de deforma{\c{c}}{\~{a}}o t{\'{e}}rmica e el{\'{a}}sticas s{\~{a}}o resolvidas usando elementos finitos
• Determinada a rela{\c{c}}{\~{a}}o entre press{\~{a}}o m{\'{e}}dia de contato e o gap m{\'{e}}dio na escala micro.
• Efeitos de textura rugosa, grau de aspereza de contato, indexamento cisalhante, tempo de relaxa{\c{c}}{\~{a}}o, deforma{\c{c}}{\~{o}}es t{\'{e}}rmicas e el{\'{a}}sticas em mancais s{\~{a}}o investigados
• FALA SOBRE MANCAL DO VIRABREQUIN!!!!
• A elasticidade de oleo {\'{e}} caracterizada pelo modelo de fluido de Maxwell
• Tentar entender as equa{\c{c}}{\~{o}}es!},
author = {Zhang, C.},
doi = {10.1115/1.1396342},
file = {:C$\backslash$:/Users/User/AppData/Local/Mendeley Ltd./Mendeley Desktop/Downloaded/Zhang - 2002 - TEHD behavior of non-Newtonian dynamically loaded journal bearings in mixed lubrication for direct problem.pdf:pdf},
isbn = {0742-4787},
issn = {07424787},
journal = {Journal of Tribology},
number = {January},
pages = {178--185},
title = {{TEHD behavior of non-Newtonian dynamically loaded journal bearings in mixed lubrication for direct problem}},
url = {http://cat.inist.fr/?aModele=afficheN{\&}cpsidt=13428021},
volume = {124},
year = {2002}
}
@article{Zhu2007,
abstract = {Numerical solution of the thin-film and mixed elastohydrodynamic lubrication (EHL) is of great importance to the study of lubrication transition and breakdown, as well as surface failures caused by contact. However, in this region, converged and accurate numerical solutions become difficult, and effects of computational mesh density and differential schemes appear to be more significant. Also, there is currently a debate on how surface contact should be defined and analysed, and whether it is indeed possible to model contact through a grid-converged solution of the EHL equation system. This paper presents a set of analysed sample cases with different computational meshes, different cut-off values for handling contact, on different levels of central film thickness, from several hundred nanometres down to zero. Based on the results, some key issues are discussed (such as whether the contact can be modelled with the Reynolds equation system, how a contact should be defined and analysed, how computational meshes should be selected and managed, what the reasonable and satisfactory convergence accuracy should be, and so on). In addition, a progressive mesh densification (PMD) method is presented and compared with the multi-grid (MG) method. It is demonstrated that the PMD method may be able to significantly reduce computing time. On the other hand, the MG method may be good for thick-film cases with smooth surfaces or low frequency roughness, but is not desirable for the ultra-thin film and mixed EHL, especially when moderate and high frequency surface roughness is involved.},
annote = {• Quest{\~{o}}es s{\~{a}}o levantandas, como se os modelos de contato podem ser baseados com o sistema de eq. de Reynolds, como o contato deve ser definido e an{\'{a}}lisado, como as malhas devem ser selecionadas, qual a precis{\~{a}}o esperada, dentre outros. 
• Apresentam tamb{\'{e}}m um m{\'{e}}todo de densifica{\c{c}}{\~{a}}o progressiva da malha e compara com o m{\'{e}}doto de multi-grid. 
• Comenta sobre o tamanho da malha e sua influ{\^{e}}ncia para espessura de filmes muito pequenas, da ordem nano
• A densidade da malha afeta a solu{\c{c}}{\~{a}}o EHL, especialmente para filmes ultra finos. Com esquema de diferencia{\c{c}}{\~{a}}o backward de segunda ordem, quando maior a densidade, maior a espessura central, at{\'{e}} um limite.
• Uma densidade de malha entre 80-200 {\'{e}} suficiente para a maioria dos problemas, devido ao tamanho dos atomos do lubrificante. N{\~{a}}o {\'{e}} necess{\'{a}}rio usar uma malha Dm {\textgreater} 500
• Para velocidade baixas, solu{\c{c}}{\~{o}}es EHL ficam muito pr{\'{o}}ximas {\`{a}} an{\'{a}}lises de contato seco. {\'{E}} v{\'{a}}lido usar o model EHL para simula{\c{c}}{\~{o}}es deterministicas de lubrifica{\c{c}}{\~{a}}o mista.
• {\'{E}} v{\'{a}}lido o uso da eq. de Reynolds reduzida. Resultados s{\~{a}}o similares aos encontrados com a eq. normal
• M{\'{e}}todo multi-grid funciona bem para superf{\'{i}}cies lisas e filmes com grande espessura, mas n{\~{a}}o {\'{e}} desejado para filmes finos e uma frequ{\^{e}}ncia de rugosidade est{\'{a}} presente. O m{\'{e}}todo apresentado no paper gera melhores resultados, aumentando a velocidade da solu{\c{c}}{\~{a}}o, especialmente para espessura m{\'{e}}dias ou grandes de filme},
author = {Zhu, D},
doi = {10.1243/13506501JET259},
file = {:C$\backslash$:/Users/User/AppData/Local/Mendeley Ltd./Mendeley Desktop/Downloaded/Zhu - 2007 - On some aspects of numerical solutions of thin-film and mixed elastohydrodynamic lubrication.pdf:pdf},
isbn = {1350-6501},
issn = {1350-6501},
journal = {PROCEEDINGS OF THE INSTITUTION OF MECHANICAL ENGINEERS PART J-Journal of Engineering Tribology},
keywords = {elastohydrodynamic lubrication,film thickness,mixed lubrication,numerical,solution,surface contact,thin film behaviour},
pages = {561--579},
title = {{On some aspects of numerical solutions of thin-film and mixed elastohydrodynamic lubrication}},
url = {{\textless}Go to ISI{\textgreater}://WOS:000249938600003},
volume = {221},
year = {2007}
}
@article{Zhu2010,
abstract = {A model-based virtual texturing approach has been developed and applied to design, generate, ‘test', and evaluate textured surfaces through numerical simulations. A series of studies on the numerical generation and performance evaluation of textured surfaces in a lubricated concentrated contact has been conducted, which includes (a) numerical generation of a large variety of textures considering possible geometric imperfections that exist in reality due to tooling design considerations and fabrication errors; (b) determination of texture depth, size, and area density; (c) texture distribution pattern selection; (d) bottom shape comparison and design optimization; (e) investigation of the influence of surface relative motion; (f) prediction of performance deviation caused by texture shape imperfections; and (g) evaluation of the effect of originally machined roughness. The present study was conducted using the deterministic mixed elastohydrodynamic lubrication (EHL) model recently developed, modified, and validated, which appears to be useful for surface texture design based on comparative performance evaluation in a wide range of operating conditions. },
author = {Zhu, D and Nanbu, T and Ren, N and Yasuda, Y and Wang, Q J},
doi = {10.1243/13506501JET739},
file = {:C$\backslash$:/Users/User/AppData/Local/Mendeley Ltd./Mendeley Desktop/Downloaded/Zhu et al. - 2010 - Model-based virtual surface texturing for concentrated conformal-contact lubrication.pdf:pdf},
isbn = {9784990013998},
issn = {1350-6501},
journal = {Proceedings of the Institution of Mechanical Engineers, Part J: Journal of Engineering Tribology},
number = {February},
pages = {685--696},
title = {{Model-based virtual surface texturing for concentrated conformal-contact lubrication}},
url = {http://pij.sagepub.com/lookup/doi/10.1243/13506501JET739},
volume = {224},
year = {2010}
}
@article{Zhu2003,
abstract = {The effect of surface roughness on the mixed EHD lubrication characteristics has been studied in this paper by using a numerical approach developed recently by Zhu and Hu (1), (2). This approach is capable of handling measured rough surfaces under very severe operating conditions, and simulating the entire transition from the fill film EHD, mixed, down to boundary lubrication. In the present study a set of sample cases in a circular contact is analyzed. Three typical machined surfaces are used, representing different types of topography and orientation. The original RMS roughness (before deformation) is adjusted to 8 different levels, from 0.1 ?m up to 1.5 ?m, in order to cover a practical range for industrial applications. Results show that in the typical mixed EHL the maximum pressure, contact load ratio, friction, flash temperature as well as maximum subsurface shear stress, are all increased significantly as the roughness increases. The effect on the average film thickness (or gap), however, is relatively limited. Presented at the 2nd World Tribology Congress in Vienna, Austria September 3?7, 2001$\backslash$nThe effect of surface roughness on the mixed EHD lubrication characteristics has been studied in this paper by using a numerical approach developed recently by Zhu and Hu (1), (2). This approach is capable of handling measured rough surfaces under very severe operating conditions, and simulating the entire transition from the fill film EHD, mixed, down to boundary lubrication. In the present study a set of sample cases in a circular contact is analyzed. Three typical machined surfaces are used, representing different types of topography and orientation. The original RMS roughness (before deformation) is adjusted to 8 different levels, from 0.1 ?m up to 1.5 ?m, in order to cover a practical range for industrial applications. Results show that in the typical mixed EHL the maximum pressure, contact load ratio, friction, flash temperature as well as maximum subsurface shear stress, are all increased significantly as the roughness increases. The effect on the average film thickness (or gap), however, is relatively limited. Presented at the 2nd World Tribology Congress in Vienna, Austria September 3?7, 2001},
author = {Zhu, Dong},
doi = {10.1080/10402000308982598},
file = {:C$\backslash$:/Users/User/AppData/Local/Mendeley Ltd./Mendeley Desktop/Downloaded/Zhu - 2003 - Effect of Surface Roughness on Mixed EHD Lubrication Characteristics.pdf:pdf},
issn = {1040-2004},
journal = {Tribology Transactions},
number = {1},
pages = {44--48},
title = {{Effect of Surface Roughness on Mixed EHD Lubrication Characteristics}},
url = {http://dx.doi.org/10.1080/10402000308982598},
volume = {46},
year = {2003}
}
@article{Zhu1989,
annote = {• Calcular performace da lubrifica{\c{c}}{\~{a}}o de contato em ponto e em linha
• Procedimento computacional
• Calcula a espessura do filme com hip{\'{o}}tese isot{\'{e}}rmica e depois inclui o efeito da temperatura
• Resultados s{\~{a}}o {\'{u}}teis para avaliar a efici{\^{e}}ncia de opera{\c{c}}{\~{a}}o e para prever falhas dos contatos elastohidrodin{\^{a}}micos
• Sem conclus{\~{a}}o?},
author = {Zhu, D. and Cheng, H. S.},
doi = {10.1080/10402008908981901},
file = {:C$\backslash$:/Users/User/AppData/Local/Mendeley Ltd./Mendeley Desktop/Downloaded/Zhu, Cheng - 1989 - An Analysis and Computational Procedure for EHL Film Thickness , Friction and Flash Temperature in Line and Point Co.pdf:pdf},
isbn = {1040-2004},
issn = {1040-2004},
journal = {Tribology Transactions},
number = {3},
pages = {364--370},
title = {{An Analysis and Computational Procedure for EHL Film Thickness , Friction and Flash Temperature in Line and Point Contacts}},
volume = {32},
year = {1989}
}
@article{Zhu2001,
abstract = {A complete computer program package has been developed in the present work based on a recently developed unified numerical approach for point contact problems. This approach is capable of simulating the entire transition from the full film EHD, mixed, down to boundary lubrication, using measured 3-D roughness. The numerical solution can cover a full range of ? ratio, from infinity down to zero. Based on the calculated film thickness (or gap) and pressure distribution in the contact, subsurface stresses can readily be predicted. Also, friction and flask temperatures can be computed by using a non-Newtonian fluid model in the hydrodynamic regions and a measured (or assumed) coefficient of friction for boundary lubrication in the contact regions. Sample cases show that this computer program package is robust with no convergence problems encountered even under severe operating conditions. It appears to be a useful engineering tool for industrial applications.},
annote = {• Programa criado utilizado a espessura d filme calculada e distribui{\c{c}}{\~{a}}o da press{\~{a}}o de contato para prever os stress das sub superf{\'{i}}cies (?)
• Tamb{\'{e}}m {\'{e}} poss{\'{i}}vel computar o atrito e a temperatura flash usando um modelo n{\~{a}}o newtoniado na regi{\~{a}}o HD ou um coeficiente de atrito medido ou assumido para a lubrifica{\c{c}}{\~{a}}o do contorno nas regi{\~{o}}es de contato
• N{\~{a}}o apresentou problemas de converg{\^{e}}ncia.
• Par{\^{a}}metros necess{\'{a}}rios para design de elemento de m{\'{a}}quinas:
1. Press{\~{a}}o de contato ou/e a{\c{c}}{\~{a}}o HD
2. Esspura da camada de lubrificante ou de gap
3. Deforma{\c{c}}{\~{a}}o da superf{\'{i}}cie e rigidez do contato
4. For{\c{c}}as de atrito/tra{\c{c}}{\~{a}}o
5. Calor gerado e aumento da temperatura da superf{\'{i}}cie de contato
6. Stress sub superf{\'{i}}cie
• Objetivo {\'{e}} criar um pacote de programsa capaz de simular toda a transi{\c{c}}{\~{a}}o de filme EHL completo at{\'{e}} o regime de lubriica{\c{c}}{\~{a}}o de contorno (boundary lubrication)
• O pacote de programa {\'{e}} capaz de prever as caracter{\'{i}}sticas do contato e lubrifica{\c{c}}{\~{a}}o em superf{\'{i}}cies 3D reais, sob condi{\c{c}}{\~{o}}es cr{\'{i}}ticas
• O programa precisa de melhorias na aproxima{\c{c}}{\~{a}}o n{\'{u}}merica e no tempo de processamento},
author = {Zhu, D. and Hu, Y.},
doi = {10.1080/10402000108982471},
file = {:C$\backslash$:/Users/User/AppData/Local/Mendeley Ltd./Mendeley Desktop/Downloaded/Zhu, Hu - 2001 - A Computer Program Package for the Prediction of EHL and Mixed Lubrication Characteristics, Friction, Subsurface Stress.pdf:pdf},
isbn = {1040-2004},
issn = {1040-2004},
journal = {Tribology Transactions},
number = {3},
pages = {383--390},
title = {{A Computer Program Package for the Prediction of EHL and Mixed Lubrication Characteristics, Friction, Subsurface Stresses and Flash Temperatures Based on Measured 3-D Surface Roughness}},
url = {http://dx.doi.org/10.1080/10402000108982471},
volume = {44},
year = {2001}
}
@article{Zhu2011,
abstract = {Elastohydrodynamic Lubrication (EHL) is commonly known as a mode of fluid-film lubri- cation in which the mechanism of hydrodynamic film formation is enhanced by surface elastic deformation and lubricant viscosity increase due to high pressure. It has been an active and challenging field of research since the 1950s. Significant breakthroughs achieved in the last 10–15 years are largely in the area of mixed EHL, in which surface asperity contact and hydrodynamic lubricant film coexist. Mixed EHL is of the utmost importance not only because most power-transmitting components operate in this regime, but also due to its theoretical universality that dry contact and full-film lubrication are in fact its special cases under extreme conditions. In principle, mixed EHL has included the basic physical elements for modeling contact, or hydrodynamic lubrication, or both together. The unified mixed lubrication models that have recently been developed are now capable of simulating the entire transition of interfacial status from full-film and mixed lubrication down to dry contact with an integrated mathematic formulation and numerical approach. This has indeed bridged the two branches of engineering science, contact mechanics, and hydrodynamic lubrication theory, which have been traditionally separate since the 1880s mainly due to the lack of powerful analytical and numerical tools. The recent advancement in mixed EHL begins to bring contact and lubrication together, and thus an evolving con- cept of “Interfacial Mechanics” can be proposed in order to describe interfacial phenom- ena more precisely and collaborate with research in other related fields, such as interfacial physics and chemistry, more closely. This review paper briefly presents snapshots of the history of EHL research, and also expresses the authors' opinions about its further devel- opment as a gateway to interfacial mechanics.},
author = {Zhu, D. and  Wang, J. Q.},
doi = {10.1115/1.4004457},
file = {:C$\backslash$:/Users/User/AppData/Local/Mendeley Ltd./Mendeley Desktop/Downloaded/Zhu, Jane Wang - 2011 - Elastohydrodynamic Lubrication A Gateway to Interfacial Mechanics—Review and Prospect.pdf:pdf},
isbn = {0742-4787},
issn = {07424787},
journal = {Journal of Tribology},
keywords = {contact mechanics,ehl,elastohydrodynamic lubrication,facial mechanics,hydrodynamic lubrication,inter-,mixed ehl,mixed lubrication,surface contact},
number = {4},
pages = {041001},
title = {{Elastohydrodynamic Lubrication: A Gateway to Interfacial Mechanics—Review and Prospect}},
volume = {133},
year = {2011}
}
@article{Zhu2014,
author = {Zhu, D. and Liu, Y. and Wang, Q.},
doi = {10.1080/10402004.2014.886349},
file = {:C$\backslash$:/Users/User/AppData/Local/Mendeley Ltd./Mendeley Desktop/Downloaded/Zhu, Liu, Wang - 2014 - On the Numerical Accuracy of Rough Surface EHL Solution.pdf:pdf},
isbn = {9781634393522},
issn = {1040-2004},
journal = {Tribology Transactions},
keywords = {ehl,elastohydrodynamic lubrication,numerical solution},
number = {4},
pages = {570--580},
title = {{On the Numerical Accuracy of Rough Surface EHL Solution}},
url = {http://www.tandfonline.com/doi/abs/10.1080/10402004.2014.886349},
volume = {57},
year = {2014}
}

@book{Bittencourt2015,
	title={Análise Computationcal de Estruturas},
	author={Bittencourt, M. L.},
	edition={first},
	pages={296},
	editor = {Unicamp},
	local = {S$\~a$o Paulo},
	isbn={9788526809116},
	year= {2015}
}